1844 2859
894 55 944 92 42

221 178 333 225 poeta
366 175 610 216 Atheniensi?
636 198 688 205 —
716 177 1098 218 Animadvertendum
1133 182 1192 219 est
1224 182 1349 219 autem
1384 180 1607 232 Aeschylum

220 239 322 288 loqui
362 239 409 278 de
452 240 608 288 damnis,
650 251 747 289 quae
774 240 909 280 Graeci
948 241 1069 298 primo
1108 242 1147 281 in
1181 242 1304 283 insula
1343 245 1607 293 contraxerint,

222 302 269 342 de
307 302 440 352 quibus
481 314 529 346 ne
568 303 735 343 historici
776 303 925 353 quidem
962 304 1090 344 dicunt
1130 305 1355 356 quidquam:
1393 304 1511 346 πολλὰ
1545 306 1607 358 μὲν

222 363 289 415 γὰρ
317 363 359 404 ἐκ
385 370 499 416 χερῶν
537 363 710 416 πέτροισιν
751 364 971 417 ἠράσσοντο,
1010 370 1153 418 τοξικῆς
1191 363 1225 407 δ’
1251 366 1323 408 ἀπὸ
1361 366 1538 419 θώμιγγος
1562 368 1609 409 ἰοὶ

221 428 484 479 προπίτνοντες
519 428 694 474 ὤλλυσαν.
750 430 843 470 Tres
870 433 1021 480 praeter
1045 430 1146 471 hunc
1172 435 1320 474 exstant
1345 432 1436 481 loci,
1476 433 1609 482 quibus

222 492 450 532 Graecorum
487 492 664 533 damnum
699 494 852 543 aliquod
887 494 1092 534 indicatur:
1120 507 1155 534 v.
1193 499 1268 536 315
1295 507 1352 546 sq.
1379 498 1609 537 memoratur

222 555 483 605 Amphistreus
523 555 720 595 πολύπονον
766 555 854 607 δόρυ
896 561 1034 608 νωμῶν,
1074 570 1110 597 v.
1152 561 1228 599 316
1268 570 1325 609 sq.
1365 559 1608 600 Ariomardus

222 618 343 669 ἄρδεσι
369 616 498 663 πένθος
524 617 719 670 παρασχών
757 620 820 669 (cf.
849 632 885 659 n.
914 620 1004 670 VI),
1042 633 1076 660 v.
1114 624 1186 660 321
1225 633 1308 671 sqq.
1335 622 1533 672 Syennesis
1559 619 1609 666 εἷς

222 679 311 732 ἀνὴρ
337 683 497 722 πλεῖστον
523 680 628 722 πόνον
657 681 802 733 ἐχθροῖς
829 680 1034 734 παρασχών.
1089 683 1199 723 Certe
1234 684 1273 724 id
1307 688 1432 734 patet,
1459 687 1609 735 poetam

223 746 430 785 emtionem
469 749 638 785 secutum
679 757 761 785 esse
793 757 909 795 quam
936 747 1183 794 lenissimam3
1221 748 1316 786 vitat
1342 748 1441 787 enim
1467 759 1607 794 eorum,

223 808 287 858 qui
313 808 449 848 damna
474 807 657 857 fecerunt,
684 809 988 857 nominationem,
1014 809 1053 848 id
1080 810 1179 859 quod
1201 810 1361 850 maxime
1386 810 1610 860 conspicitur

221 872 303 911 loco
330 872 441 912 modo
467 872 620 915 laudato
647 870 765 911 πολλὰ
800 871 863 923 μὲν
890 886 921 911 κ.
949 887 978 911 τ.
1007 874 1052 922 λ.,
1079 873 1140 912 ubi
1177 873 1290 913 etiam
1317 874 1421 913 verbi
1447 872 1608 913 ὤλλυσαν

222 936 405 975 obiectum
433 938 586 985 praeter
611 947 753 975 morem
780 937 1036 986 supprimitur.
1092 937 1251 976 Omnino
1278 948 1366 976 vero
1384 937 1609 977 mentionem

221 999 301 1039 fieri
340 999 540 1049 aliquando
576 999 689 1038 etiam
723 999 771 1039 de
816 1000 961 1040 damnis
999 1000 1228 1041 Graecorum
1268 1001 1411 1041 duabus
1450 1000 1609 1040 maxime

222 1064 271 1102 de
296 1064 419 1103 causis
446 1064 656 1112 oportebat.
712 1063 878 1102 Primum
891 1093 900 1111 ,
928 1064 958 1102 si
998 1075 1182 1112 nusquam
1208 1064 1281 1103 nisi
1307 1065 1354 1104 de
1380 1064 1609 1104 Graecorum

222 1126 494 1175 emolumentis,
511 1125 711 1166 Persarum
739 1126 885 1166 damnis
900 1137 1022 1166 sermo
1037 1129 1147 1175 esset,
1159 1126 1327 1167 narratio
1340 1126 1441 1167 omni
1467 1129 1610 1167 careret

218 1190 334 1229 alacri
361 1190 553 1229 varietate.
597 1190 751 1235 Deinde,
780 1187 825 1229 ut'
856 1202 968 1240 quam
990 1190 1151 1229 maxima
1173 1190 1349 1230 evaderet
1379 1189 1607 1230 Graecorum

219 1253 350 1302 gloria,
377 1253 532 1292 victoria
558 1264 686 1293 eorum
709 1253 953 1303 proponenda
975 1256 1057 1292 erat
1078 1265 1152 1293 non
1169 1254 1249 1293 sine
1276 1253 1463 1293 doloribus
1488 1256 1607 1303 parta.

222 1316 434 1366 Aptissimis
461 1319 587 1356 autem
615 1317 704 1357 locis
731 1319 881 1367 poetam
909 1316 956 1356 de
971 1316 1200 1356 Graecorum
1222 1317 1367 1357 damnis
1383 1317 1608 1356 mentionem

221 1380 362 1428 facere,
399 1380 431 1419 si
459 1379 671 1429 diligentius
699 1381 1088 1430 circumspexerimus,
1116 1381 1466 1421 animadvertemus.
1519 1380 1608 1420 Ete-

221 1444 318 1492 nim,
356 1444 456 1493 quod
491 1444 540 1483 ad
582 1448 658 1484 tres
685 1444 768 1485 illos
795 1444 896 1484 locos
923 1445 1069 1493 attinet,
1096 1444 1187 1483 nihil
1214 1444 1382 1495 profecto
1408 1444 1525 1494 magis
1551 1447 1609 1484 est

222 1508 426 1548 secundum
453 1510 639 1556 naturam,
668 1519 791 1557 quam,
835 1518 930 1558 quae
957 1519 981 1547 a
1007 1509 1137 1547 nuntio
1162 1507 1414 1558 proferuntur,
1442 1508 1608 1547 necrolo-

221 1572 345 1621 gicae,
386 1574 429 1610 ut
454 1571 508 1610 ita
535 1571 675 1619 dicam,
718 1572 765 1611 de
805 1583 997 1611 caesorum
1040 1572 1174 1611 ducum
1213 1571 1431 1611 fortitudine
1465 1571 1605 1611 laudes.

223 1635 331 1683 Quod
358 1637 484 1674 autem
511 1635 646 1676 attinet
686 1635 734 1674 ad
773 1635 935 1684 primum
975 1635 1117 1682 locum,
1161 1635 1193 1674 si
1220 1645 1396 1684 usquam,
1433 1637 1533 1674 certe
1557 1634 1608 1673 ibi

222 1711 297 1738 non
325 1699 405 1739 sine
432 1699 577 1739 damnis
604 1702 820 1749 pugnarunt
846 1699 992 1747 Graeci,
1021 1698 1208 1748 quoniam,
1248 1710 1341 1748 quos
1367 1698 1418 1738 ibi
1443 1698 1608 1748 aggressi

222 1766 328 1811 sunt,
370 1763 509 1802 Persae
544 1766 623 1801 tum
661 1773 730 1812 per
765 1774 805 1801 se
843 1762 1006 1801 omnium
1043 1764 1150 1800 erant
1192 1761 1402 1810 fortissimi,
1445 1763 1526 1799 tum
1569 1761 1607 1799 in

222 1827 344 1866 insula
388 1826 608 1866 interclusos
652 1837 803 1866 necesse
846 1825 916 1865 fuit
951 1825 1062 1865 saluti
1096 1835 1186 1865 suae
1221 1825 1461 1875 desperantes
1495 1824 1606 1864 etiam

224 1893 381 1930 exacuta
408 1891 455 1930 ad
483 1893 687 1930 extremam
713 1890 944 1930 ferocitatem
971 1888 1186 1929 fortitudine
1212 1887 1398 1929 resistere.

360 2092 406 2142 X.
471 2091 527 2141 lle
559 2090 710 2142 Xerxis
744 2090 844 2140 sede
878 2092 920 2140 et
952 2090 1060 2151 ruga
1093 2090 1155 2152 (v.
1189 2088 1472 2150 leo—465).

329 2219 492 2267 Xerxes,
530 2221 574 2258 ut
599 2230 712 2268 porro
741 2228 942 2267 sequamur
968 2217 1155 2265 nuntium,
1182 2216 1402 2266 gravissima
1426 2217 1491 2256 illa
1515 2216 1608 2256 vidit

222 2284 323 2323 mala
349 2295 394 2323 ex
422 2283 524 2322 edita
550 2282 639 2322 sede
652 2282 701 2321 ad
729 2282 834 2321 littus
847 2282 932 2330 sita,
947 2281 1046 2320 unde
1059 2292 1207 2321 omnem
1220 2281 1433 2331 prospicere
1458 2284 1608 2331 poterat

224 2347 429 2387 exercitum
456 2347 508 2396 (v.
537 2345 777 2395 460—462).
834 2344 997 2384 Sedebat
1023 2346 1164 2393 autem,
1188 2347 1231 2383 ut
1252 2343 1400 2383 aliunde
1427 2344 1608 2395 comperi-

222 2423 326 2461 mus,
363 2411 401 2451 in
441 2410 533 2450 sella
576 2409 844 2461 pretiosissima
862 2407 946 2459 ¹¹⁵),
988 2408 1166 2459 stipatus,
1208 2410 1251 2448 ut
1285 2406 1450 2448 referunt
1481 2407 1607 2446 rerum

333 2537 396 2590 ¹¹⁵)
424 2540 544 2579 Aurea
573 2543 625 2576 est
644 2537 830 2577 Plutarcho
857 2536 991 2588 (Them.
1011 2535 1083 2587 13),
1108 2537 1225 2575 Tzetzi
1251 2535 1402 2586 (chiliad.
1426 2536 1453 2584 Ι,
1482 2534 1588 2586 978);
