1844 2859
765 157 815 200 49

101 287 334 334 sententiam,
360 281 564 333 quiaetota
588 279 747 319 vertitur
771 279 812 319 in
828 278 1060 330 opponendis,
1083 279 1182 319 inter
1207 291 1249 320 se
1274 280 1474 321 Persarum

100 341 275 405 superna
306 351 344 389 et
375 342 636 392 castigatione,
663 345 764 391 tum,
802 345 844 385 ut
870 342 1151 383 Atheniensium
1178 343 1320 384 animos
1347 347 1385 384 et
1411 346 1475 385 de-

100 418 253 458 lectaret
287 416 326 453 et
364 406 612 449 confirmaret.
679 406 824 446 Similes
860 406 1027 447 veritatis
1066 406 1337 457 superlationes
1376 408 1476 457 apud

100 490 246 519 morum
296 472 493 521 magistros
545 469 724 509 Senecam
778 469 1039 519 philosophum
1055 469 1121 520 ¹³²)
1174 473 1213 509 et
1253 471 1476 510 Iuvenalem

100 545 249 594 poetam
267 535 330 584 ¹³³)
357 532 575 573 invenimus.
632 531 772 579 Quibus
788 543 898 572 nemo
919 532 1084 572 easvitio
1097 536 1230 572 vertat.
1285 532 1477 573 Dedecent

100 611 224 645 tamen
246 608 369 639 rerum
396 595 609 645 scriptores,
635 595 734 634 inter
759 607 852 645 quos
878 596 1037 635 maxime
1064 595 1393 645 reprehendendus
1420 600 1478 636 est

101 666 271 709 Iustinus,
299 658 362 709 qui
386 658 485 697 inter
501 658 575 700 alia
600 661 731 698 narrat
743 658 906 699 Xerxem
919 657 1105 709 trepidum
1126 659 1315 699 traiecisse
1340 657 1476 698 fretum

100 726 235 777 scapha
259 720 459 774 piscatoria
485 720 550 772 (II,
582 722 658 771 13).

98 975 193 1031 xlv.
224 974 482 1024 Tractentur
498 983 563 1029 aa,
596 983 706 1033 quae
723 971 840 1021 ilarii
869 982 967 1022 cum
983 971 1139 1021 Atussa
1168 973 1210 1021 et
1229 981 1324 1021 cun
1343 972 1475 1023 choro

128 1046 342 1108 oolloquia
373 1046 424 1095 (le
455 1045 604 1095 Xerxis
636 1045 802 1124 incepto
835 1044 1034 1096 exhibent
1066 1047 1127 1106 (v.
1159 1044 1443 1107 715—838).

201 1173 485 1213 Considerantes
525 1182 589 1220 ea,
630 1183 728 1221 quae
752 1171 857 1211 Darii
892 1182 976 1211 cum
1003 1171 1139 1211 Atossa
1179 1175 1218 1211 et
1252 1183 1336 1212 cum
1362 1173 1475 1213 choro

96 1237 278 1286 colloquia
315 1233 510 1283 exhibent,
551 1236 589 1274 in
629 1236 840 1274 universum
867 1237 1018 1285 poetam
1044 1234 1276 1286 aliquantum
1302 1247 1326 1274 a
1351 1247 1476 1276 rerum

96 1300 275 1340 memoria
299 1298 473 1339 recedere
499 1297 820 1349 deprehendimus.
862 1298 1011 1338 Etenim
1039 1301 1184 1338 constat
1209 1298 1366 1339 Darium
1390 1303 1477 1350 post

97 1364 342 1403 calamitatem
356 1362 631 1401 Marathoniam
653 1362 700 1401 de
718 1362 867 1411 integro
894 1365 932 1400 et
958 1361 1107 1411 quidem
1135 1362 1314 1402 acerrime
1338 1363 1475 1403 bellum

97 1437 328 1477 comparasse
354 1429 468 1476 atque
492 1426 591 1464 inter
615 1425 735 1474 ipsam
761 1425 847 1465 belli
872 1425 1187 1475 comparationem
1214 1437 1296 1466 esse
1318 1426 1477 1467 exstinc-

96 1494 187 1529 tum.
241 1492 275 1528 A
300 1492 413 1539 poeta
436 1500 523 1530 vero
550 1489 604 1527 ita
630 1488 785 1538 loquens
812 1488 1010 1537 inducitur,
1039 1489 1145 1538 quasi
1170 1489 1301 1529 doctus
1328 1478 1476 1530 calami-

94 1557 172 1593 tate
209 1553 274 1592 illa
312 1553 440 1603 (quam
481 1552 653 1596 vidimus,
677 1552 877 1592 indicatam
917 1564 951 1592 v.
995 1555 1069 1592 235
1111 1555 1149 1592 et
1193 1556 1289 1601 243,
1339 1553 1476 1593 diserte

95 1618 418 1656 commemoratam
444 1627 479 1654 v.
493 1618 585 1662 470)
611 1615 657 1653 de
671 1615 850 1662 Graeciae
877 1615 1084 1655 domandae
1110 1616 1262 1655 consilio
1289 1616 1475 1655 destiterit

94 1682 206 1730 atque
244 1679 357 1719 etiam
395 1678 557 1719 Xerxem
595 1678 665 1719 sibi
700 1689 956 1719 successurum
995 1678 1042 1719 ab
1083 1690 1127 1719 eo
1168 1679 1217 1719 sit
1257 1678 1474 1720 dehortatus

94 1744 144 1794 (v.
174 1743 279 1791 784).

197 1805 438 1855 Vaticinium‚v
455 1805 554 1856 quod
570 1805 705 1846 Darius
720 1807 990 1846 commemorat
1003 1805 1053 1856 (v.
1073 1809 1148 1846 740
1157 1817 1216 1857 sq.
1230 1818 1238 1846 :
1259 1809 1339 1857 φεῦ,
1351 1803 1474 1857 ταχεῖά

92 1866 120 1919 γ’
146 1867 237 1920 ἦλθε
263 1874 431 1919 χρησμῶν
458 1871 593 1918 πρᾶξις,
620 1868 659 1913 ἐς
687 1868 727 1907 δὲ
753 1864 850 1907 παῖδ’
879 1868 962 1918 ἐμὸν
977 1869 1062 1913 Ζεὺς
1090 1867 1284 1920 ἐπέσκηψεν
1311 1868 1473 1919 τελευτὴν

93 1928 321 1983 θεσφάτων),
348 1943 371 1971 a
396 1935 509 1983 poeta
534 1930 661 1971 fictum
689 1935 746 1971 est
772 1934 896 1981 atque,
925 1934 968 1970 ut
994 1942 1077 1971 cum
1087 1932 1283 1972 Welckero
1309 1933 1363 1983 (p.
1380 1932 1473 1982 228)

65 1989 67 1992 ’
92 1999 204 2046 puto,
243 2007 267 2035 a
292 1996 440 2036 Bacidis
475 1998 514 2035 et
538 1995 682 2036 Musaei
708 1995 909 2045 praedictis
937 1996 1037 2046 apud
1063 1995 1297 2037 Herodotum
1325 2007 1473 2037 conser-

92 2060 186 2099 vatis
226 2059 327 2109 (VII,
370 2063 413 2107 63
451 2059 518 2108 IX,
547 2060 616 2109 42)
656 2059 807 2098 omnino
848 2058 1159 2108 distinguendum.
1214 2059 1322 2107 Quod
1362 2070 1472 2108 quem

90 2122 212 2163 locum
246 2123 285 2162 in
319 2122 469 2173 trilogia
494 2122 698 2171 obtineret,
734 2122 832 2162 idem
869 2122 925 2161 vir
956 2121 1104 2172 ingenio
1130 2122 1471 2173 praestantissimus

199 2259 263 2311 ¹³²)
285 2263 346 2307 ,De
371 2264 423 2299 ira
449 2262 513 2308 111,
545 2262 610 2298 16:
647 2260 812 2309 (Xerxes)
848 2262 960 2298 victus
995 2266 1030 2299 et
1065 2261 1134 2298 late
1171 2262 1342 2310 longeque
1375 2262 1472 2299 fusus

91 2325 133 2349 ac
168 2320 310 2351 stratam
346 2317 476 2361 ubique
526 2316 660 2351 ruinam
700 2325 799 2350 suam
846 2325 989 2351 cernens
1025 2315 1159 2351 medius
1193 2317 1282 2352 inter
1329 2326 1470 2352 suorum

92 2366 262 2404 cadavera
287 2369 438 2405 incessit.

197 2416 259 2469 138)
286 2413 388 2458 Satir.
417 2421 474 2457 XI
499 2419 565 2468 (X)
597 2421 667 2456 179
695 2431 770 2466 sqq.
800 2419 984 2467 (Ribbeck.
1018 2418 1151 2468 1859):

302 2473 366 2509 Ille
392 2478 508 2516 tamen
536 2472 647 2519 qualis
673 2473 772 2508 rediit
796 2472 972 2508 Salamine
997 2472 1124 2516 relicta,

307 2554 315 2563 .
345 2555 354 2563 .
384 2554 393 2563 .
422 2525 440 2560 ⁸?
466 2525 599 2572 Nempe
625 2536 695 2562 una
723 2536 821 2570 nave,
847 2526 997 2562 cruentis

301 2579 482 2616 Fluctibus
508 2590 551 2615 ac
576 2578 675 2615 tarda
701 2590 763 2625 per
788 2578 896 2615 densa
922 2578 1094 2616 cadavera
1120 2589 1239 2624 prora:

302 2631 377 2668 Has
403 2633 528 2677 totiens
545 2636 674 2683 ,optata
701 2633 814 2680 exegit
838 2631 949 2679 gloria
974 2641 1116 2677 poenas.

1243 2742 1276 2790 4
