1844 2859
871 133 921 172 45

207 260 373 312 appellat
402 259 597 299 illustrem.
651 254 799 302 Quanta
832 254 1026 304 voluptate
1050 254 1099 293 ab
1125 253 1410 293 Atheniensibus
1434 256 1578 303 speeta-

207 325 351 364 toribus
374 324 574 371 reoeptam,
589 329 671 359 oese
696 321 807 368 putas
818 318 956 358 veteris
982 317 1078 357 illius
1104 317 1294 367 opprobrii
1311 317 1579 356 mutationem?

451 570 534 620 lu.
600 570 656 620 lle
688 568 846 631 elassis
878 568 986 629 faga
1018 570 1081 631 (v.
1114 567 1203 621 475
1237 569 1339 629 sq.)-

312 696 473 736 Nuntius
499 696 546 736 ab
580 696 716 736 Atoaea
741 696 1011 745 interrogatus,
1039 695 1102 734 ubi
1128 705 1242 734 naves
1269 694 1460 743 reliquerit
1486 694 1582 733 eladi

207 761 445 813 superstites,
481 759 711 799 tumultuose
747 762 861 809 atque
900 759 1142 809 incomposite
1183 769 1245 798 eas
1282 758 1445 797 secundo
1470 761 1581 797 vento

208 823 394 873 aufugisse
442 823 531 863 dicit
568 824 621 873 (v.
662 823 900 872 473-476).
978 823 1030 861 At
1074 833 1116 861 re
1154 832 1261 870 vera,
1306 824 1505 871 postquam
1542 823 1581 861 in

207 887 400 928 Phalarion
425 890 537 938 portu
561 889 839 943 pernoctarunt,
866 886 916 928 ad
938 897 1078 927 novum
1104 885 1308 936 periculum
1334 885 1579 934 subeundum,

208 954 251 991 ut
275 950 386 991 medo
407 951 569 991 ‘vidinms
595 952 646 1000 ip.
674 951 754 999 43),
792 950 1085 991 instruebantur.
1139 949 1212 990 Sed
1225 949 1368 989 Xerxes
1393 950 1580 1000 inceptum

208 1014 334 1055 omisit
358 1014 538 1064 iussitque
568 1025 633 1055 eas
667 1014 706 1053 in
731 1013 1015 1064 Hellespontum
1053 1012 1246 1064 proficisci,
1273 1016 1316 1053 ut
1339 1016 1473 1063 pontes
1500 1016 1581 1053 tue-

207 1081 348 1117 rentur,
410 1077 604 1117 Proiectae
641 1078 756 1126 igitur
789 1080 878 1116 sunt
911 1077 1031 1116 altera
1054 1081 1141 1127 post
1166 1088 1329 1126 pugnam
1356 1080 1467 1117 nocte
1495 1088 1578 1116 cum

206 1141 353 1181 silentio
374 1141 443 1188 -ita,
471 1143 514 1180 ut
540 1140 674 1182 Graeci
699 1139 791 1179 nihil
816 1140 1156 1180 animadverterent
1180 1143 1294 1189 atque
1319 1144 1402 1180 orto
1429 1140 1507 1180 sole
1522 1140 1580 1178 >ad

207 1203 406 1244 Phalerum
441 1204 634 1244 etiamtum
670 1206 771 1243 stare
811 1214 873 1243 eas
915 1204 1109 1253 opinantes
1148 1204 1197 1244 ad
1222 1204 1463 1253 pugnandum
1498 1215 1580 1243 sese

208 1269 479 1317 compararent.
541 1267 612 1314 Qui
646 1269 845 1317 postquam
885 1267 932 1306 de
966 1267 1147 1307 barbarae
1188 1266 1314 1307 elassis
1352 1266 1580 1316 profectione

208 1331 384 1372 certiores
430 1330 519 1370 faeti
567 1334 674 1379 suut,
715 1329 854 1370 frustra
905 1342 987 1370 eam
1025 1330 1211 1380 persecuti
1247 1333 1337 1370 suut
1375 1341 1494 1379 usque
1532 1330 1578 1369 ad

208 1393 377 1433 Andrum
393 1392 471 1443 ¹¹¹).
525 1393 692 1433 Barbara
704 1397 830 1433 autem
855 1394 983 1433 elassis
1011 1394 1048 1432 111
1062 1394 1189 1433 Αείωι
1200 1394 1370 1442 pervenit
1390 1397 1429 1432 et
1453 1404 1579 1442 regem

207 1457 481 1508 exeroiumque
515 1468 536 1497 e
570 1456 801 1499 Chersoneso
836 1457 1007 1508 Abydum
1032 1457 1189 1506 traiecit,
1230 1456 1404 1507 quoniam
1448 1459 1580 1508 pontes

207 1523 429 1570 tempestate
464 1524 571 1560 erant
605 1521 794 1568 dissoluti;
831 1521 964 1561 deinde
989 1532 1077 1571 pars
1114 1522 1233 1560 maior
1258 1520 1434 1569 Gumam,
1461 1521 1582 1560 minor

207 1584 359 1626 Samum
394 1583 561 1635 profecta
602 1587 659 1625 est
698 1577 761 1625 εἰ
782 1584 1049 1625 hibernandum
1067 1583 1144 1635 ¹²²).
1199 1583 1376 1625 Videmus
1410 1584 1579 1624 nuntium

206 1659 286 1688 rem
322 1648 443 1689 verbis
478 1659 709 1697 exasperare.
762 1649 866 1688 Idem
903 1649 1088 1689 finiebant
1126 1649 1281 1696 Graeci,
1323 1640 1407 1688 eum
1434 1651 1580 1688 tantum

207 1710 319 1750 fuisse
354 1714 551 1751 narrarent
584 1710 827 1752 barbarorum
864 1711 1138 1751 classiariorum
1179 1714 1379 1759 terrorem,
1407 1714 1471 1760 ut,
1497 1722 1581 1751 oum

207 1782 324 1823 prope
349 1774 540 1814 Zosterem
566 1775 839 1824 pervenissent,
877 1778 1004 1815 cautes
1039 1778 1188 1823 tenues,
1217 1786 1313 1824 quae
1338 1775 1389 1814 ibi
1414 1775 1452 1814 in
1478 1786 1581 1814 nare

206 1837 431 1887 prominent,
458 1848 571 1878 naves
597 1837 750 1879 hostiles
777 1850 858 1880 esse
893 1839 1087 1889 opinantes
1114 1839 1243 1889 procul
1269 1837 1488 1888 aumgerem
1504 1836 1580 1888 ¹²⁸).

208 1901 317 1949 Quod
342 1902 498 1942 strictim
526 1902 685 1953 (duobus
712 1903 893 1952 versibus)
921 1903 1047 1943 classis
1084 1902 1209 1953 fugam
1244 1903 1396 1943 nuntius
1430 1905 1580 1950 tractat,

207 1976 282 2004 non
317 1965 527 2005 mirandum
563 1969 635 2014 est;
672 1978 793 2016 neque
827 1967 925 2006 enim
952 1967 1082 2006 aderat
1110 1978 1180 2006 nec
1206 1967 1372 2016 singula,
1400 1977 1495 2016 quae
1520 1977 1581 2005 ac-

209 2028 388 2077 ciderunt,
415 2029 510 2070 scire
535 2033 670 2080 potest.

769 2123 1017 2132 .--..‘——

255 2248 356 2299 xm.
419 2249 475 2299 lle
505 2249 726 2300 terrestris
759 2250 972 2300 exereitus
1005 2250 1113 2310 ruga
1145 2252 1204 2312 (v.
1239 2248 1525 2310 477—509).

313 2375 475 2417 Nuntius
501 2377 689 2418 terrestris
702 2377 886 2417 exercitus
896 2376 1034 2426 fugam,
1049 2377 1108 2416 cui
1141 2377 1220 2426 ipse
1238 2376 1428 2426 intererat,
1454 2377 1582 2417 ordine

315 2501 377 2579 1³3)
403 2504 488 2569 Iler.
517 2505 617 2550 VIII,
646 2505 716 2540 107
743 2516 797 2551 sq.

316 2557 500 2659 miffl,
518 2560 600 2648 1:8⁷
612 2558 819 2657 ftegggssot.
850 2611 926 2656 111,
947 2611 1017 2647 109
1044 2622 1079 2648 n.
1110 2613 1171 2648 74.
