<?xml version="1.0" encoding="UTF-8"?>
<!DOCTYPE html PUBLIC "-//W3C//DTD XHTML 1.0 Transitional//EN"
    "http://www.w3.org/TR/xhtml1/DTD/xhtml1-transitional.dtd">
<html xmlns="http://www.w3.org/1999/xhtml" xml:lang="en" lang="en">
 <head>
  <title>
</title>
<meta http-equiv="Content-Type" content="text/html;charset=utf-8" />
  <meta name='ocr-system' content='tesseract 3.04.00' />
  <meta name='ocr-capabilities' content='ocr_page ocr_carea ocr_par ocr_line ocrx_word'/>
</head>
<body>
  <div class='ocr_page' id='page_1' title='image "./4738086_0016.png"; bbox 0 0 1844 2859; ppageno 0'>
   <div class='ocr_carea' id='block_1_1' title="bbox 88 663 1510 1958">
    <p class='ocr_par' dir='ltr' id='par_1_1' title="bbox 144 663 1510 1061">
     <span class='ocr_line' id='line_1_1' title="bbox 248 663 1510 754; baseline 0 -10"><span class='ocrx_word' id='word_1_1' title='bbox 248 663 478 754; x_wconf 74' lang='lat' dir='ltr'><strong>Aeschylus</strong></span> <span class='ocrx_word' id='word_1_2' title='bbox 503 702 700 743; x_wconf 79' lang='lat' dir='ltr'><strong>Persarum</strong></span> <span class='ocrx_word' id='word_1_3' title='bbox 733 706 992 753; x_wconf 74' lang='lat' dir='ltr'><strong>argumentum</strong></span> <span class='ocrx_word' id='word_1_4' title='bbox 1027 714 1051 742; x_wconf 88' lang='lat' dir='ltr'><strong>e</strong></span> <span class='ocrx_word' id='word_1_5' title='bbox 1082 714 1173 743; x_wconf 75' lang='lat' dir='ltr'><strong>suae</strong></span> <span class='ocrx_word' id='word_1_6' title='bbox 1197 704 1330 744; x_wconf 74' lang='lat' dir='ltr'><strong>aetatis</strong></span> <span class='ocrx_word' id='word_1_7' title='bbox 1356 704 1510 744; x_wconf 87' lang='lat' dir='ltr'><strong>historia</strong></span> 
     </span>
     <span class='ocr_line' id='line_1_2' title="bbox 145 766 1510 819; baseline -0.001 -11"><span class='ocrx_word' id='word_1_8' title='bbox 145 769 277 819; x_wconf 85' lang='lat' dir='ltr'><strong>petivit</strong></span> <span class='ocrx_word' id='word_1_9' title='bbox 291 767 335 818; x_wconf 81' lang='lat'><strong>²).</strong></span> <span class='ocrx_word' id='word_1_10' title='bbox 376 767 484 806; x_wconf 90' lang='lat' dir='ltr'><strong>Anno</strong></span> <span class='ocrx_word' id='word_1_11' title='bbox 511 769 587 806; x_wconf 87' lang='lat'><strong>480</strong></span> <span class='ocrx_word' id='word_1_12' title='bbox 613 766 736 807; x_wconf 84' lang='lat' dir='ltr'><strong>aOhr.</strong></span> <span class='ocrx_word' id='word_1_13' title='bbox 751 777 879 806; x_wconf 86' lang='lat' dir='ltr'><strong>mense</strong></span> <span class='ocrx_word' id='word_1_14' title='bbox 902 766 1110 816; x_wconf 71' lang='lat' dir='ltr'><strong>Septembri</strong></span> <span class='ocrx_word' id='word_1_15' title='bbox 1134 767 1289 806; x_wconf 68' lang='lat' dir='ltr'><strong>victoria</strong></span> <span class='ocrx_word' id='word_1_16' title='bbox 1309 766 1510 807; x_wconf 75' lang='lat' dir='ltr'><strong>Salaminia</strong></span> 
     </span>
     <span class='ocr_line' id='line_1_3' title="bbox 145 827 1509 883; baseline -0.002 -10"><span class='ocrx_word' id='word_1_17' title='bbox 145 834 336 883; x_wconf 81' lang='lat' dir='ltr'><strong>reportata</strong></span> <span class='ocrx_word' id='word_1_18' title='bbox 369 833 469 871; x_wconf 84' lang='lat' dir='ltr'><strong>erat:</strong></span> <span class='ocrx_word' id='word_1_19' title='bbox 508 840 607 870; x_wconf 86' lang='lat' dir='ltr'><strong>anno</strong></span> <span class='ocrx_word' id='word_1_20' title='bbox 638 831 714 870; x_wconf 80' lang='lat'><strong>472</strong></span> <span class='ocrx_word' id='word_1_21' title='bbox 749 839 877 870; x_wconf 85' lang='lat' dir='ltr'><strong>mense</strong></span> <span class='ocrx_word' id='word_1_22' title='bbox 909 828 1046 870; x_wconf 79' lang='lat' dir='ltr'><strong>Martio</strong></span> <span class='ocrx_word' id='word_1_23' title='bbox 1061 827 1094 880; x_wconf 81' lang='lat'><strong>⁸)</strong></span> <span class='ocrx_word' id='word_1_24' title='bbox 1126 829 1328 880; x_wconf 75' lang='lat' dir='ltr'><strong>Aeschylus</strong></span> <span class='ocrx_word' id='word_1_25' title='bbox 1365 829 1509 871; x_wconf 81' lang='lat' dir='ltr'><strong>fabulas</strong></span> 
     </span>
     <span class='ocr_line' id='line_1_4' title="bbox 146 891 1509 943; baseline -0.001 -9"><span class='ocrx_word' id='word_1_26' title='bbox 146 895 249 934; x_wconf 83' lang='lat' dir='ltr'><strong>dedit</strong></span> <span class='ocrx_word' id='word_1_27' title='bbox 272 894 490 943; x_wconf 82' lang='lat' dir='ltr'><strong>tetralogice</strong></span> <span class='ocrx_word' id='word_1_28' title='bbox 516 892 727 932; x_wconf 84' lang='lat' dir='ltr'><strong>coniunctas</strong></span> <span class='ocrx_word' id='word_1_29' title='bbox 752 892 932 932; x_wconf 82' lang='lat' dir='ltr'><strong>Phineum</strong></span> <span class='ocrx_word' id='word_1_30' title='bbox 944 891 978 943; x_wconf 80' lang='lat'><strong>⁴)</strong></span> <span class='ocrx_word' id='word_1_31' title='bbox 991 923 1000 941; x_wconf 95' lang='lat'><strong>,</strong></span> <span class='ocrx_word' id='word_1_32' title='bbox 1026 892 1180 940; x_wconf 82' lang='lat' dir='ltr'><strong>Persas,</strong></span> <span class='ocrx_word' id='word_1_33' title='bbox 1220 892 1402 933; x_wconf 84' lang='lat' dir='ltr'><strong>Glaucum</strong></span> <span class='ocrx_word' id='word_1_34' title='bbox 1426 894 1509 933; x_wconf 81' lang='lat' dir='ltr'><strong>Ms-</strong></span> 
     </span>
     <span class='ocr_line' id='line_1_5' title="bbox 144 955 1509 1008; baseline -0.001 -11"><span class='ocrx_word' id='word_1_35' title='bbox 144 959 277 1008; x_wconf 89' lang='lat' dir='ltr'><strong>rinum‚</strong></span> <span class='ocrx_word' id='word_1_36' title='bbox 304 956 567 998; x_wconf 79' lang='lat' dir='ltr'><strong>Prometheum</strong></span> <span class='ocrx_word' id='word_1_37' title='bbox 583 955 796 1006; x_wconf 78' lang='lat' dir='ltr'><strong>Igniferum,</strong></span> <span class='ocrx_word' id='word_1_38' title='bbox 823 966 980 1006; x_wconf 76' lang='lat' dir='ltr'><strong>quarum</strong></span> <span class='ocrx_word' id='word_1_39' title='bbox 1005 956 1124 996; x_wconf 73' lang='lat' dir='ltr'><strong>altera</strong></span> <span class='ocrx_word' id='word_1_40' title='bbox 1150 966 1268 1006; x_wconf 84' lang='lat' dir='ltr'><strong>eaque</strong></span> <span class='ocrx_word' id='word_1_41' title='bbox 1292 956 1509 1006; x_wconf 79' lang='lat' dir='ltr'><strong>gravissim</strong></span> 
     </span>
     <span class='ocr_line' id='line_1_6' title="bbox 144 1020 692 1061; baseline -0.004 0"><span class='ocrx_word' id='word_1_42' title='bbox 144 1022 333 1061; x_wconf 90' lang='lat' dir='ltr'><strong>victoriam</strong></span> <span class='ocrx_word' id='word_1_43' title='bbox 358 1021 460 1060; x_wconf 90' lang='lat' dir='ltr'><strong>illam</strong></span> <span class='ocrx_word' id='word_1_44' title='bbox 485 1020 692 1059; x_wconf 86' lang='lat' dir='ltr'><strong>celebravit.</strong></span> 
     </span>
    </p>

    <p class='ocr_par' dir='ltr' id='par_1_2' title="bbox 88 1082 1509 1958">
     <span class='ocr_line' id='line_1_7' title="bbox 247 1082 1509 1133; baseline -0.002 -9"><span class='ocrx_word' id='word_1_45' title='bbox 247 1085 397 1124; x_wconf 85' lang='lat' dir='ltr'><strong>Poetica</strong></span> <span class='ocrx_word' id='word_1_46' title='bbox 434 1082 580 1123; x_wconf 83' lang='lat' dir='ltr'><strong>fabulae</strong></span> <span class='ocrx_word' id='word_1_47' title='bbox 618 1083 672 1122; x_wconf 85' lang='lat' dir='ltr'><strong>vis</strong></span> <span class='ocrx_word' id='word_1_48' title='bbox 713 1086 752 1122; x_wconf 92' lang='lat' dir='ltr'><strong>et</strong></span> <span class='ocrx_word' id='word_1_49' title='bbox 788 1083 950 1132; x_wconf 87' lang='lat' dir='ltr'><strong>gravitas</strong></span> <span class='ocrx_word' id='word_1_50' title='bbox 989 1083 1061 1123; x_wconf 88' lang='lat' dir='ltr'><strong>sita</strong></span> <span class='ocrx_word' id='word_1_51' title='bbox 1099 1086 1157 1122; x_wconf 88' lang='lat' dir='ltr'><strong>est</strong></span> <span class='ocrx_word' id='word_1_52' title='bbox 1189 1083 1228 1121; x_wconf 91' lang='lat' dir='ltr'><strong>in</strong></span> <span class='ocrx_word' id='word_1_53' title='bbox 1269 1083 1509 1133; x_wconf 85' lang='lat' dir='ltr'><strong>proponenda</strong></span> 
     </span>
     <span class='ocr_line' id='line_1_8' title="bbox 143 1146 1506 1196; baseline -0.001 -8"><span class='ocrx_word' id='word_1_54' title='bbox 143 1149 340 1188; x_wconf 81' lang='lat' dir='ltr'><strong>Persarum</strong></span> <span class='ocrx_word' id='word_1_55' title='bbox 375 1147 569 1196; x_wconf 80' lang='lat' dir='ltr'><strong>superbiae</strong></span> <span class='ocrx_word' id='word_1_56' title='bbox 604 1146 854 1196; x_wconf 87' lang='lat' dir='ltr'><strong>castigatione.</strong></span> <span class='ocrx_word' id='word_1_57' title='bbox 906 1146 1077 1186; x_wconf 83' lang='lat' dir='ltr'><strong>Dubitari</strong></span> <span class='ocrx_word' id='word_1_58' title='bbox 1111 1148 1236 1186; x_wconf 87' lang='lat' dir='ltr'><strong>autem</strong></span> <span class='ocrx_word' id='word_1_59' title='bbox 1271 1157 1346 1186; x_wconf 91' lang='lat' dir='ltr'><strong>non</strong></span> <span class='ocrx_word' id='word_1_60' title='bbox 1371 1149 1506 1196; x_wconf 68' lang='lat' dir='ltr'><strong>potest,</strong></span> 
     </span>
     <span class='ocr_line' id='line_1_9' title="bbox 143 1208 1508 1260; baseline -0.001 -11"><span class='ocrx_word' id='word_1_61' title='bbox 143 1211 231 1260; x_wconf 89' lang='lat' dir='ltr'><strong>quin</strong></span> <span class='ocrx_word' id='word_1_62' title='bbox 271 1209 491 1259; x_wconf 88' lang='lat' dir='ltr'><strong>Aeschylum</strong></span> <span class='ocrx_word' id='word_1_63' title='bbox 538 1209 576 1248; x_wconf 92' lang='lat' dir='ltr'><strong>in</strong></span> <span class='ocrx_word' id='word_1_64' title='bbox 626 1208 886 1260; x_wconf 86' lang='lat' dir='ltr'><strong>componendis</strong></span> <span class='ocrx_word' id='word_1_65' title='bbox 934 1209 1044 1249; x_wconf 90' lang='lat' dir='ltr'><strong>rebus</strong></span> <span class='ocrx_word' id='word_1_66' title='bbox 1086 1209 1288 1248; x_wconf 90' lang='lat' dir='ltr'><strong>secundum</strong></span> <span class='ocrx_word' id='word_1_67' title='bbox 1326 1209 1508 1248; x_wconf 89' lang='lat' dir='ltr'><strong>rationem</strong></span> 
     </span>
     <span class='ocr_line' id='line_1_10' title="bbox 88 1270 1505 1323; baseline -0.001 -10"><span class='ocrx_word' id='word_1_68' title='bbox 88 1286 91 1290; x_wconf 62' lang='grc'>’</span> <span class='ocrx_word' id='word_1_69' title='bbox 141 1274 323 1323; x_wconf 87' lang='lat' dir='ltr'><strong>poeticam</strong></span> <span class='ocrx_word' id='word_1_70' title='bbox 358 1273 476 1312; x_wconf 86' lang='lat' dir='ltr'><strong>altera</strong></span> <span class='ocrx_word' id='word_1_71' title='bbox 511 1271 656 1312; x_wconf 85' lang='lat' dir='ltr'><strong>duxerit</strong></span> <span class='ocrx_word' id='word_1_72' title='bbox 690 1270 738 1311; x_wconf 87' lang='lat' dir='ltr'><strong>ad</strong></span> <span class='ocrx_word' id='word_1_73' title='bbox 771 1274 999 1322; x_wconf 64' lang='lat' dir='ltr'><strong>spectatores</strong></span> <span class='ocrx_word' id='word_1_74' title='bbox 1026 1271 1269 1312; x_wconf 85' lang='lat' dir='ltr'><strong>Athenienses</strong></span> <span class='ocrx_word' id='word_1_75' title='bbox 1294 1272 1505 1323; x_wconf 81' lang='lat' dir='ltr'><strong>respicienS,</strong></span> 
     </span>
     <span class='ocr_line' id='line_1_11' title="bbox 142 1335 1508 1388; baseline -0.001 -12"><span class='ocrx_word' id='word_1_76' title='bbox 142 1347 253 1387; x_wconf 89' lang='lat' dir='ltr'><strong>quam</strong></span> <span class='ocrx_word' id='word_1_77' title='bbox 278 1346 491 1386; x_wconf 86' lang='lat' dir='ltr'><strong>nuncupare</strong></span> <span class='ocrx_word' id='word_1_78' title='bbox 524 1335 614 1375; x_wconf 92' lang='lat' dir='ltr'><strong>libet</strong></span> <span class='ocrx_word' id='word_1_79' title='bbox 637 1336 866 1388; x_wconf 79' lang='lat' dir='ltr'><strong>popularem.</strong></span> <span class='ocrx_word' id='word_1_80' title='bbox 918 1335 1013 1374; x_wconf 88' lang='lat' dir='ltr'><strong>Eam</strong></span> <span class='ocrx_word' id='word_1_81' title='bbox 1037 1346 1149 1386; x_wconf 89' lang='lat' dir='ltr'><strong>porro</strong></span> <span class='ocrx_word' id='word_1_82' title='bbox 1176 1335 1373 1385; x_wconf 87' lang='lat' dir='ltr'><strong>dispertire</strong></span> <span class='ocrx_word' id='word_1_83' title='bbox 1397 1347 1508 1386; x_wconf 87' lang='lat' dir='ltr'><strong>posse</strong></span> 
     </span>
     <span class='ocr_line' id='line_1_12' title="bbox 143 1398 1506 1451; baseline -0.001 -10"><span class='ocrx_word' id='word_1_84' title='bbox 143 1401 249 1441; x_wconf 92' lang='lat' dir='ltr'><strong>nobis</strong></span> <span class='ocrx_word' id='word_1_85' title='bbox 274 1399 443 1440; x_wconf 87' lang='lat' dir='ltr'><strong>videmur</strong></span> <span class='ocrx_word' id='word_1_86' title='bbox 466 1400 505 1439; x_wconf 92' lang='lat' dir='ltr'><strong>in</strong></span> <span class='ocrx_word' id='word_1_87' title='bbox 530 1399 740 1450; x_wconf 83' lang='lat' dir='ltr'><strong>generalem</strong></span> <span class='ocrx_word' id='word_1_88' title='bbox 767 1402 805 1439; x_wconf 89' lang='lat' dir='ltr'><strong>et</strong></span> <span class='ocrx_word' id='word_1_89' title='bbox 829 1399 1037 1450; x_wconf 79' lang='lat' dir='ltr'><strong>specialem.</strong></span> <span class='ocrx_word' id='word_1_90' title='bbox 1090 1398 1304 1439; x_wconf 87' lang='lat' dir='ltr'><strong>Generatim</strong></span> <span class='ocrx_word' id='word_1_91' title='bbox 1326 1398 1506 1451; x_wconf 85' lang='lat' dir='ltr'><strong>Aeschylo</strong></span> 
     </span>
     <span class='ocr_line' id='line_1_13' title="bbox 144 1462 1508 1513; baseline 0.001 -10"><span class='ocrx_word' id='word_1_92' title='bbox 144 1463 297 1503; x_wconf 88' lang='lat' dir='ltr'><strong>vitanda</strong></span> <span class='ocrx_word' id='word_1_93' title='bbox 323 1467 429 1503; x_wconf 88' lang='lat' dir='ltr'><strong>erant</strong></span> <span class='ocrx_word' id='word_1_94' title='bbox 454 1464 597 1512; x_wconf 88' lang='lat' dir='ltr'><strong>omnia,</strong></span> <span class='ocrx_word' id='word_1_95' title='bbox 633 1474 728 1513; x_wconf 89' lang='lat' dir='ltr'><strong>quae</strong></span> <span class='ocrx_word' id='word_1_96' title='bbox 753 1462 996 1512; x_wconf 87' lang='lat' dir='ltr'><strong>Athenienses</strong></span> <span class='ocrx_word' id='word_1_97' title='bbox 1021 1463 1183 1512; x_wconf 82' lang='lat' dir='ltr'><strong>graviter</strong></span> <span class='ocrx_word' id='word_1_98' title='bbox 1208 1463 1399 1503; x_wconf 86' lang='lat' dir='ltr'><strong>audituros</strong></span> <span class='ocrx_word' id='word_1_99' title='bbox 1425 1475 1508 1504; x_wconf 85' lang='lat' dir='ltr'><strong>esse</strong></span> 
     </span>
     <span class='ocr_line' id='line_1_14' title="bbox 143 1526 1505 1579; baseline -0.001 -11"><span class='ocrx_word' id='word_1_100' title='bbox 143 1527 308 1571; x_wconf 71' lang='lat' dir='ltr'><strong>sentiret,</strong></span> <span class='ocrx_word' id='word_1_101' title='bbox 360 1526 558 1577; x_wconf 86' lang='lat' dir='ltr'><strong>Speciatim</strong></span> <span class='ocrx_word' id='word_1_102' title='bbox 584 1526 835 1579; x_wconf 88' lang='lat' dir='ltr'><strong>respiciendus</strong></span> <span class='ocrx_word' id='word_1_103' title='bbox 860 1529 942 1567; x_wconf 87' lang='lat' dir='ltr'><strong>erat</strong></span> <span class='ocrx_word' id='word_1_104' title='bbox 966 1526 1010 1575; x_wconf 90' lang='lat' dir='ltr'><strong>is,</strong></span> <span class='ocrx_word' id='word_1_105' title='bbox 1037 1526 1100 1577; x_wconf 87' lang='lat' dir='ltr'><strong>qui</strong></span> <span class='ocrx_word' id='word_1_106' title='bbox 1126 1529 1215 1566; x_wconf 90' lang='lat' dir='ltr'><strong>tunc</strong></span> <span class='ocrx_word' id='word_1_107' title='bbox 1232 1526 1388 1566; x_wconf 85' lang='lat' dir='ltr'><strong>Athenis</strong></span> <span class='ocrx_word' id='word_1_108' title='bbox 1413 1529 1505 1575; x_wconf 87' lang='lat' dir='ltr'><strong>erat,</strong></span> 
     </span>
     <span class='ocr_line' id='line_1_15' title="bbox 144 1589 1507 1640; baseline 0 -11"><span class='ocrx_word' id='word_1_109' title='bbox 144 1591 350 1632; x_wconf 83' lang='lat' dir='ltr'><strong>animorum</strong></span> <span class='ocrx_word' id='word_1_110' title='bbox 388 1590 546 1629; x_wconf 89' lang='lat' dir='ltr'><strong>habitus.</strong></span> <span class='ocrx_word' id='word_1_111' title='bbox 611 1590 727 1637; x_wconf 86' lang='lat' dir='ltr'><strong>Quem</strong></span> <span class='ocrx_word' id='word_1_112' title='bbox 770 1589 962 1640; x_wconf 89' lang='lat' dir='ltr'><strong>splendide</strong></span> <span class='ocrx_word' id='word_1_113' title='bbox 1000 1589 1225 1640; x_wconf 89' lang='lat' dir='ltr'><strong>Droysenius</strong></span> <span class='ocrx_word' id='word_1_114' title='bbox 1264 1589 1432 1639; x_wconf 86' lang='lat' dir='ltr'><strong>depinxit</strong></span> <span class='ocrx_word' id='word_1_115' title='bbox 1468 1590 1507 1629; x_wconf 90' lang='lat' dir='ltr'><strong>in</strong></span> 
     </span>
     <span class='ocr_line' id='line_1_16' title="bbox 142 1651 1507 1702; baseline 0.001 -11"><span class='ocrx_word' id='word_1_116' title='bbox 142 1652 265 1693; x_wconf 90' lang='lat' dir='ltr'><strong>libello</strong></span> <span class='ocrx_word' id='word_1_117' title='bbox 290 1652 453 1692; x_wconf 86' lang='lat' dir='ltr'><strong>laudato.</strong></span> <span class='ocrx_word' id='word_1_118' title='bbox 499 1651 762 1693; x_wconf 67' lang='lat' dir='ltr'><strong>Themistocles</strong></span> <span class='ocrx_word' id='word_1_119' title='bbox 789 1663 875 1692; x_wconf 88' lang='lat' dir='ltr'><strong>vere</strong></span> <span class='ocrx_word' id='word_1_120' title='bbox 901 1653 989 1692; x_wconf 90' lang='lat' dir='ltr'><strong>anni</strong></span> <span class='ocrx_word' id='word_1_121' title='bbox 1014 1657 1088 1693; x_wconf 82' lang='lat'><strong>475</strong></span> <span class='ocrx_word' id='word_1_122' title='bbox 1117 1655 1297 1693; x_wconf 67' lang='lat' dir='ltr'><strong>testarum</strong></span> <span class='ocrx_word' id='word_1_123' title='bbox 1322 1651 1507 1702; x_wconf 84' lang='lat' dir='ltr'><strong>suffragiis</strong></span> 
     </span>
     <span class='ocr_line' id='line_1_17' title="bbox 143 1715 1507 1767; baseline 0.001 -12"><span class='ocrx_word' id='word_1_124' title='bbox 143 1727 164 1755; x_wconf 91' lang='lat' dir='ltr'><strong>e</strong></span> <span class='ocrx_word' id='word_1_125' title='bbox 190 1715 337 1757; x_wconf 82' lang='lat' dir='ltr'><strong>civitate</strong></span> <span class='ocrx_word' id='word_1_126' title='bbox 363 1715 520 1764; x_wconf 89' lang='lat' dir='ltr'><strong>eiectus,</strong></span> <span class='ocrx_word' id='word_1_127' title='bbox 560 1726 647 1755; x_wconf 88' lang='lat' dir='ltr'><strong>vere</strong></span> <span class='ocrx_word' id='word_1_128' title='bbox 680 1716 767 1755; x_wconf 92' lang='lat' dir='ltr'><strong>anni</strong></span> <span class='ocrx_word' id='word_1_129' title='bbox 792 1719 880 1765; x_wconf 83' lang='lat'><strong>473,</strong></span> <span class='ocrx_word' id='word_1_130' title='bbox 908 1716 1007 1767; x_wconf 90' lang='lat' dir='ltr'><strong>quod</strong></span> <span class='ocrx_word' id='word_1_131' title='bbox 1032 1716 1247 1756; x_wconf 84' lang='lat' dir='ltr'><strong>societatem</strong></span> <span class='ocrx_word' id='word_1_132' title='bbox 1273 1727 1357 1756; x_wconf 91' lang='lat' dir='ltr'><strong>cum</strong></span> <span class='ocrx_word' id='word_1_133' title='bbox 1383 1715 1507 1756; x_wconf 88' lang='lat' dir='ltr'><strong>Xerxe</strong></span> 
     </span>
     <span class='ocr_line' id='line_1_18' title="bbox 142 1778 1506 1831; baseline -0.001 -11"><span class='ocrx_word' id='word_1_134' title='bbox 142 1778 191 1821; x_wconf 86' lang='lat' dir='ltr'><strong>ad</strong></span> <span class='ocrx_word' id='word_1_135' title='bbox 217 1778 411 1820; x_wconf 88' lang='lat' dir='ltr'><strong>Graeciam</strong></span> <span class='ocrx_word' id='word_1_136' title='bbox 447 1779 726 1831; x_wconf 84' lang='lat' dir='ltr'><strong>opprimendam</strong></span> <span class='ocrx_word' id='word_1_137' title='bbox 759 1778 924 1829; x_wconf 87' lang='lat' dir='ltr'><strong>fecisset,</strong></span> <span class='ocrx_word' id='word_1_138' title='bbox 964 1779 1094 1831; x_wconf 84' lang='lat' dir='ltr'><strong>eapitis</strong></span> <span class='ocrx_word' id='word_1_139' title='bbox 1121 1779 1329 1829; x_wconf 89' lang='lat' dir='ltr'><strong>damnatus,</strong></span> <span class='ocrx_word' id='word_1_140' title='bbox 1355 1780 1506 1820; x_wconf 91' lang='lat' dir='ltr'><strong>ineunte</strong></span> 
     </span>
     <span class='ocr_line' id='line_1_19' title="bbox 143 1841 1505 1894; baseline 0.001 -12"><span class='ocrx_word' id='word_1_141' title='bbox 143 1854 239 1883; x_wconf 90' lang='lat' dir='ltr'><strong>anno</strong></span> <span class='ocrx_word' id='word_1_142' title='bbox 267 1845 342 1882; x_wconf 84' lang='lat'><strong>472</strong></span> <span class='ocrx_word' id='word_1_143' title='bbox 370 1841 465 1883; x_wconf 89' lang='lat' dir='ltr'><strong>Susa</strong></span> <span class='ocrx_word' id='word_1_144' title='bbox 488 1842 639 1894; x_wconf 87' lang='lat' dir='ltr'><strong>petebat</strong></span> <span class='ocrx_word' id='word_1_145' title='bbox 664 1842 880 1892; x_wconf 84' lang='lat' dir='ltr'><strong>Artaxerxi,</strong></span> <span class='ocrx_word' id='word_1_146' title='bbox 921 1843 984 1893; x_wconf 90' lang='lat' dir='ltr'><strong>qui</strong></span> <span class='ocrx_word' id='word_1_147' title='bbox 1010 1843 1047 1882; x_wconf 91' lang='lat' dir='ltr'><strong>in</strong></span> <span class='ocrx_word' id='word_1_148' title='bbox 1073 1844 1189 1893; x_wconf 87' lang='lat' dir='ltr'><strong>patris</strong></span> <span class='ocrx_word' id='word_1_149' title='bbox 1214 1843 1381 1893; x_wconf 88' lang='lat' dir='ltr'><strong>proximo</strong></span> <span class='ocrx_word' id='word_1_150' title='bbox 1408 1855 1505 1883; x_wconf 86' lang='lat' dir='ltr'><strong>anno</strong></span> 
     </span>
     <span class='ocr_line' id='line_1_20' title="bbox 141 1904 1505 1958; baseline 0 -12"><span class='ocrx_word' id='word_1_151' title='bbox 141 1904 324 1948; x_wconf 82' lang='lat' dir='ltr'><strong>interfecti</strong></span> <span class='ocrx_word' id='word_1_152' title='bbox 349 1905 471 1946; x_wconf 91' lang='lat' dir='ltr'><strong>locum</strong></span> <span class='ocrx_word' id='word_1_153' title='bbox 496 1908 741 1955; x_wconf 88' lang='lat' dir='ltr'><strong>successerat,</strong></span> <span class='ocrx_word' id='word_1_154' title='bbox 778 1917 928 1957; x_wconf 87' lang='lat' dir='ltr'><strong>operam</strong></span> <span class='ocrx_word' id='word_1_155' title='bbox 954 1918 1060 1946; x_wconf 87' lang='lat' dir='ltr'><strong>suam</strong></span> <span class='ocrx_word' id='word_1_156' title='bbox 1086 1906 1135 1946; x_wconf 88' lang='lat' dir='ltr'><strong>ad</strong></span> <span class='ocrx_word' id='word_1_157' title='bbox 1161 1906 1355 1956; x_wconf 81' lang='lat' dir='ltr'><strong>Graeciam</strong></span> <span class='ocrx_word' id='word_1_158' title='bbox 1381 1906 1505 1958; x_wconf 88' lang='lat' dir='ltr'><strong>oppri-</strong></span> 
     </span>
    </p>
   </div>
   <div class='ocr_carea' id='block_1_2' title="bbox 137 2073 1505 2651">
    <p class='ocr_par' dir='ltr' id='par_1_3' title="bbox 137 2073 1505 2385">
     <span class='ocr_line' id='line_1_21' title="bbox 245 2073 1505 2124; baseline 0 -12"><span class='ocrx_word' id='word_1_159' title='bbox 245 2073 274 2123; x_wconf 69' lang='grc' dir='ltr'><strong>Ε’)</strong></span> <span class='ocrx_word' id='word_1_160' title='bbox 302 2075 448 2112; x_wconf 91' lang='lat' dir='ltr'><strong>Omnino</strong></span> <span class='ocrx_word' id='word_1_161' title='bbox 483 2076 679 2123; x_wconf 80' lang='lat' dir='ltr'><strong>tragoediae</strong></span> <span class='ocrx_word' id='word_1_162' title='bbox 713 2076 894 2113; x_wconf 76' lang='lat' dir='ltr'><strong>historicae</strong></span> <span class='ocrx_word' id='word_1_163' title='bbox 928 2078 1093 2124; x_wconf 77' lang='lat' dir='ltr'><strong>principia</strong></span> <span class='ocrx_word' id='word_1_164' title='bbox 1126 2079 1159 2113; x_wconf 87' lang='lat' dir='ltr'><strong>in</strong></span> <span class='ocrx_word' id='word_1_165' title='bbox 1195 2078 1348 2124; x_wconf 78' lang='lat' dir='ltr'><strong>aequalis</strong></span> <span class='ocrx_word' id='word_1_166' title='bbox 1382 2079 1505 2113; x_wconf 74' lang='lat' dir='ltr'><strong>aetatis</strong></span> 
     </span>
     <span class='ocr_line' id='line_1_22' title="bbox 137 2129 1505 2177; baseline 0.001 -13"><span class='ocrx_word' id='word_1_167' title='bbox 137 2130 282 2164; x_wconf 70' lang='lat' dir='ltr'><strong>histofia</strong></span> <span class='ocrx_word' id='word_1_168' title='bbox 307 2133 444 2164; x_wconf 79' lang='lat' dir='ltr'><strong>versata</strong></span> <span class='ocrx_word' id='word_1_169' title='bbox 469 2135 559 2165; x_wconf 89' lang='lat' dir='ltr'><strong>sunt.</strong></span> <span class='ocrx_word' id='word_1_170' title='bbox 613 2129 742 2165; x_wconf 72' lang='lat' dir='ltr'><strong>Pal-ens</strong></span> <span class='ocrx_word' id='word_1_171' title='bbox 767 2132 840 2165; x_wconf 83' lang='lat' dir='ltr'><strong>eius</strong></span> <span class='ocrx_word' id='word_1_172' title='bbox 865 2132 999 2176; x_wconf 75' lang='lat' dir='ltr'><strong>generis</strong></span> <span class='ocrx_word' id='word_1_173' title='bbox 1025 2133 1137 2175; x_wconf 81' lang='lat' dir='ltr'><strong>poesis</strong></span> <span class='ocrx_word' id='word_1_174' title='bbox 1165 2131 1381 2177; x_wconf 75' lang='lat' dir='ltr'><strong>Phrynichus</strong></span> <span class='ocrx_word' id='word_1_175' title='bbox 1397 2130 1505 2166; x_wconf 76' lang='lat' dir='ltr'><strong>Mileti</strong></span> 
     </span>
     <span class='ocr_line' id='line_1_23' title="bbox 141 2181 1505 2231; baseline -0.001 -13"><span class='ocrx_word' id='word_1_176' title='bbox 141 2181 310 2218; x_wconf 83' lang='lat' dir='ltr'><strong>excidium</strong></span> <span class='ocrx_word' id='word_1_177' title='bbox 336 2182 513 2228; x_wconf 73' lang='lat' dir='ltr'><strong>tragoedia</strong></span> <span class='ocrx_word' id='word_1_178' title='bbox 538 2182 641 2218; x_wconf 83' lang='lat' dir='ltr'><strong>flebili</strong></span> <span class='ocrx_word' id='word_1_179' title='bbox 666 2187 866 2228; x_wconf 76' lang='lat' dir='ltr'><strong>prosecutus</strong></span> <span class='ocrx_word' id='word_1_180' title='bbox 892 2188 945 2219; x_wconf 75' lang='lat' dir='ltr'><strong>est</strong></span> <span class='ocrx_word' id='word_1_181' title='bbox 969 2182 1081 2228; x_wconf 76' lang='lat' dir='ltr'><strong>idque,</strong></span> <span class='ocrx_word' id='word_1_182' title='bbox 1108 2188 1145 2219; x_wconf 87' lang='lat' dir='ltr'><strong>ut</strong></span> <span class='ocrx_word' id='word_1_183' title='bbox 1159 2183 1316 2229; x_wconf 73' lang='lat' dir='ltr'><strong>Kriigero</strong></span> <span class='ocrx_word' id='word_1_184' title='bbox 1343 2181 1394 2231; x_wconf 88' lang='lat' dir='ltr'><strong>(in</strong></span> <span class='ocrx_word' id='word_1_185' title='bbox 1409 2182 1505 2218; x_wconf 86' lang='lat' dir='ltr'><strong>Clin-</strong></span> 
     </span>
     <span class='ocr_line' id='line_1_24' title="bbox 142 2234 1503 2283; baseline 0.001 -13"><span class='ocrx_word' id='word_1_186' title='bbox 142 2237 230 2270; x_wconf 85' lang='lat' dir='ltr'><strong>tonis</strong></span> <span class='ocrx_word' id='word_1_187' title='bbox 264 2235 341 2272; x_wconf 81' lang='lat' dir='ltr'><strong>fast.</strong></span> <span class='ocrx_word' id='word_1_188' title='bbox 371 2235 505 2271; x_wconf 85' lang='lat' dir='ltr'><strong>Hellen.</strong></span> <span class='ocrx_word' id='word_1_189' title='bbox 533 2246 567 2281; x_wconf 88' lang='lat' dir='ltr'><strong>p.</strong></span> <span class='ocrx_word' id='word_1_190' title='bbox 597 2234 659 2283; x_wconf 82' lang='lat'><strong>25)</strong></span> <span class='ocrx_word' id='word_1_191' title='bbox 685 2237 797 2271; x_wconf 83' lang='lat' dir='ltr'><strong>visum</strong></span> <span class='ocrx_word' id='word_1_192' title='bbox 823 2240 889 2280; x_wconf 91' lang='lat' dir='ltr'><strong>est,</strong></span> <span class='ocrx_word' id='word_1_193' title='bbox 928 2239 1083 2282; x_wconf 84' lang='lat' dir='ltr'><strong>proximo</strong></span> <span class='ocrx_word' id='word_1_194' title='bbox 1110 2247 1218 2280; x_wconf 87' lang='lat' dir='ltr'><strong>anno,</strong></span> <span class='ocrx_word' id='word_1_195' title='bbox 1258 2236 1332 2272; x_wconf 85' lang='lat'><strong>493</strong></span> <span class='ocrx_word' id='word_1_196' title='bbox 1361 2248 1393 2272; x_wconf 87' lang='lat' dir='ltr'><strong>a.</strong></span> <span class='ocrx_word' id='word_1_197' title='bbox 1422 2236 1503 2272; x_wconf 88' lang='lat' dir='ltr'><strong>Chr.</strong></span> 
     </span>
     <span class='ocr_line' id='line_1_25' title="bbox 141 2284 1504 2335; baseline 0.001 -13"><span class='ocrx_word' id='word_1_198' title='bbox 141 2288 197 2323; x_wconf 88' lang='lat' dir='ltr'><strong>Ab</strong></span> <span class='ocrx_word' id='word_1_199' title='bbox 212 2287 333 2323; x_wconf 88' lang='lat' dir='ltr'><strong>eodem</strong></span> <span class='ocrx_word' id='word_1_200' title='bbox 358 2284 459 2333; x_wconf 84' lang='lat' dir='ltr'><strong>idem,</strong></span> <span class='ocrx_word' id='word_1_201' title='bbox 486 2287 578 2333; x_wconf 83' lang='lat' dir='ltr'><strong>quod</strong></span> <span class='ocrx_word' id='word_1_202' title='bbox 591 2288 786 2334; x_wconf 81' lang='lat' dir='ltr'><strong>Aeschylus</strong></span> <span class='ocrx_word' id='word_1_203' title='bbox 800 2289 912 2324; x_wconf 89' lang='lat' dir='ltr'><strong>Persis</strong></span> <span class='ocrx_word' id='word_1_204' title='bbox 937 2290 1105 2334; x_wconf 83' lang='lat' dir='ltr'><strong>tractavit,</strong></span> <span class='ocrx_word' id='word_1_205' title='bbox 1131 2294 1369 2335; x_wconf 75' lang='lat' dir='ltr'><strong>argumentum</strong></span> <span class='ocrx_word' id='word_1_206' title='bbox 1382 2293 1504 2335; x_wconf 74' lang='lat' dir='ltr'><strong>quarto</strong></span> 
     </span>
     <span class='ocr_line' id='line_1_26' title="bbox 140 2340 1096 2385; baseline 0.002 -9"><span class='ocrx_word' id='word_1_207' title='bbox 140 2341 208 2376; x_wconf 78' lang='lat' dir='ltr'><strong>ism</strong></span> <span class='ocrx_word' id='word_1_208' title='bbox 234 2344 314 2376; x_wconf 82' lang='lat' dir='ltr'><strong>ante</strong></span> <span class='ocrx_word' id='word_1_209' title='bbox 340 2350 442 2385; x_wconf 84' lang='lat' dir='ltr'><strong>anno,</strong></span> <span class='ocrx_word' id='word_1_210' title='bbox 468 2341 555 2385; x_wconf 74' lang='lat'><strong>476,</strong></span> <span class='ocrx_word' id='word_1_211' title='bbox 581 2340 776 2377; x_wconf 82' lang='lat' dir='ltr'><strong>Phoenissis</strong></span> <span class='ocrx_word' id='word_1_212' title='bbox 801 2344 985 2377; x_wconf 76' lang='lat' dir='ltr'><strong>tractatum</strong></span> <span class='ocrx_word' id='word_1_213' title='bbox 1012 2347 1096 2378; x_wconf 87' lang='lat' dir='ltr'><strong>erat.</strong></span> 
     </span>
    </p>

    <p class='ocr_par' dir='ltr' id='par_1_4' title="bbox 245 2389 1129 2441">
     <span class='ocr_line' id='line_1_27' title="bbox 245 2389 1129 2441; baseline 0.005 -14"><span class='ocrx_word' id='word_1_214' title='bbox 245 2389 278 2441; x_wconf 76' lang='lat'><strong>³)</strong></span> <span class='ocrx_word' id='word_1_215' title='bbox 305 2392 476 2439; x_wconf 86' lang='lat' dir='ltr'><strong>Droysen.</strong></span> <span class='ocrx_word' id='word_1_216' title='bbox 502 2392 526 2430; x_wconf 88' lang='lat' dir='ltr'><strong>l.</strong></span> <span class='ocrx_word' id='word_1_217' title='bbox 553 2393 575 2429; x_wconf 88' lang='lat' dir='ltr'><strong>l.</strong></span> <span class='ocrx_word' id='word_1_218' title='bbox 603 2404 638 2439; x_wconf 85' lang='lat' dir='ltr'><strong>p.</strong></span> <span class='ocrx_word' id='word_1_219' title='bbox 668 2395 728 2438; x_wconf 79' lang='lat'><strong>28,</strong></span> <span class='ocrx_word' id='word_1_220' title='bbox 754 2395 801 2432; x_wconf 79' lang='lat'><strong>32</strong></span> <span class='ocrx_word' id='word_1_221' title='bbox 831 2398 928 2439; x_wconf 67' lang='lat' dir='ltr'><strong>extr„</strong></span> <span class='ocrx_word' id='word_1_222' title='bbox 953 2394 1003 2430; x_wconf 81' lang='lat'><strong>40</strong></span> <span class='ocrx_word' id='word_1_223' title='bbox 1030 2406 1064 2431; x_wconf 94' lang='lat' dir='ltr'><strong>n.</strong></span> <span class='ocrx_word' id='word_1_224' title='bbox 1094 2396 1129 2432; x_wconf 85' lang='lat'><strong>8.</strong></span> 
     </span>
    </p>

    <p class='ocr_par' dir='ltr' id='par_1_5' title="bbox 139 2442 1504 2651">
     <span class='ocr_line' id='line_1_28' title="bbox 242 2442 1504 2495; baseline 0.002 -11"><span class='ocrx_word' id='word_1_225' title='bbox 242 2442 274 2493; x_wconf 72' lang='lat'><strong>4)</strong></span> <span class='ocrx_word' id='word_1_226' title='bbox 300 2445 524 2490; x_wconf 76' lang='lat' dir='ltr'><strong>Phoenissus,</strong></span> <span class='ocrx_word' id='word_1_227' title='bbox 563 2457 631 2483; x_wconf 84' lang='lat' dir='ltr'><strong>non</strong></span> <span class='ocrx_word' id='word_1_228' title='bbox 664 2446 831 2484; x_wconf 85' lang='lat' dir='ltr'><strong>Phineum</strong></span> <span class='ocrx_word' id='word_1_229' title='bbox 869 2448 1013 2494; x_wconf 83' lang='lat' dir='ltr'><strong>primam</strong></span> <span class='ocrx_word' id='word_1_230' title='bbox 1050 2448 1153 2485; x_wconf 83' lang='lat' dir='ltr'><strong>fuisse</strong></span> <span class='ocrx_word' id='word_1_231' title='bbox 1193 2449 1266 2485; x_wconf 86' lang='lat' dir='ltr'><strong>eius</strong></span> <span class='ocrx_word' id='word_1_232' title='bbox 1304 2446 1504 2495; x_wconf 68' lang='lat' dir='ltr'><strong>tetralogum</strong></span> 
     </span>
     <span class='ocr_line' id='line_1_29' title="bbox 139 2497 1504 2547; baseline 0.001 -12"><span class='ocrx_word' id='word_1_233' title='bbox 139 2497 291 2535; x_wconf 65' lang='lat' dir='ltr'><strong>fabulam</strong></span> <span class='ocrx_word' id='word_1_234' title='bbox 318 2498 467 2535; x_wconf 73' lang='lat' dir='ltr'><strong>Vsterus</strong></span> <span class='ocrx_word' id='word_1_235' title='bbox 491 2498 528 2545; x_wconf 85' lang='lat'><strong>(1.</strong></span> <span class='ocrx_word' id='word_1_236' title='bbox 554 2497 593 2546; x_wconf 90' lang='lat' dir='ltr'><strong>l.)</strong></span> <span class='ocrx_word' id='word_1_237' title='bbox 628 2499 712 2535; x_wconf 87' lang='lat' dir='ltr'><strong>mihi</strong></span> <span class='ocrx_word' id='word_1_238' title='bbox 744 2499 883 2545; x_wconf 79' lang='lat' dir='ltr'><strong>quidem</strong></span> <span class='ocrx_word' id='word_1_239' title='bbox 908 2510 977 2536; x_wconf 83' lang='lat' dir='ltr'><strong>non</strong></span> <span class='ocrx_word' id='word_1_240' title='bbox 1001 2501 1172 2547; x_wconf 73' lang='lat' dir='ltr'><strong>probavit.</strong></span> <span class='ocrx_word' id='word_1_241' title='bbox 1226 2501 1323 2547; x_wconf 75' lang='lat' dir='ltr'><strong>Quae</strong></span> <span class='ocrx_word' id='word_1_242' title='bbox 1349 2511 1434 2537; x_wconf 85' lang='lat' dir='ltr'><strong>vero</strong></span> <span class='ocrx_word' id='word_1_243' title='bbox 1459 2500 1504 2536; x_wconf 86' lang='lat' dir='ltr'><strong>de</strong></span> 
     </span>
     <span class='ocr_line' id='line_1_30' title="bbox 140 2551 1503 2602; baseline 0.003 -16"><span class='ocrx_word' id='word_1_244' title='bbox 140 2555 341 2598; x_wconf 84' lang='lat' dir='ltr'><strong>argumento</strong></span> <span class='ocrx_word' id='word_1_245' title='bbox 356 2551 618 2588; x_wconf 86' lang='lat' dir='ltr'><strong>Phoenissarum</strong></span> <span class='ocrx_word' id='word_1_246' title='bbox 640 2556 828 2598; x_wconf 85' lang='lat' dir='ltr'><strong>auguratus</strong></span> <span class='ocrx_word' id='word_1_247' title='bbox 851 2557 903 2589; x_wconf 89' lang='lat' dir='ltr'><strong>est</strong></span> <span class='ocrx_word' id='word_1_248' title='bbox 923 2551 971 2601; x_wconf 88' lang='lat' dir='ltr'><strong>(p.</strong></span> <span class='ocrx_word' id='word_1_249' title='bbox 987 2552 1087 2602; x_wconf 80' lang='lat'><strong>242),</strong></span> <span class='ocrx_word' id='word_1_250' title='bbox 1113 2553 1292 2590; x_wconf 82' lang='lat' dir='ltr'><strong>manifesto</strong></span> <span class='ocrx_word' id='word_1_251' title='bbox 1318 2553 1503 2590; x_wconf 72' lang='lat' dir='ltr'><strong>abhorrent</strong></span> 
     </span>
     <span class='ocr_line' id='line_1_31' title="bbox 143 2604 848 2651; baseline 0.004 -12"><span class='ocrx_word' id='word_1_252' title='bbox 143 2605 186 2640; x_wconf 79' lang='lat' dir='ltr'><strong>ab</strong></span> <span class='ocrx_word' id='word_1_253' title='bbox 214 2606 375 2649; x_wconf 80' lang='lat' dir='ltr'><strong>antiquae</strong></span> <span class='ocrx_word' id='word_1_254' title='bbox 400 2604 598 2650; x_wconf 75' lang='lat' dir='ltr'><strong>tragoediae</strong></span> <span class='ocrx_word' id='word_1_255' title='bbox 622 2605 848 2651; x_wconf 67' lang='lat' dir='ltr'><strong>simplicitate.</strong></span> 
     </span>
    </p>
   </div>
  </div>
 </body>
</html>
