1844 2859
916 50 970 86 44·

246 174 359 223 poeta
398 172 569 211 nuntium
612 183 692 211 rem
727 172 851 212 verbis
889 170 988 212 facit
1014 174 1314 223 exasperantem,
1359 182 1430 223 par
1464 175 1524 212 est
1546 174 1628 212 tum

247 237 294 276 ob
328 237 514 286 poeticam
548 237 749 285 rationem,
791 236 879 286 quia
913 236 1036 276 solent
1071 235 1240 276 homines
1275 246 1363 276 suas
1402 247 1629 286 suorumque

246 286 314 338 res‘
331 299 508 339 adversas
544 299 678 348 grandi
718 310 801 338 cum
837 298 965 338 dolore
999 302 1196 338 narrantes
1227 299 1265 338 in
1292 298 1412 338 maius
1438 298 1626 347 extollere,

245 366 325 402 tum
353 363 400 403 ob
425 363 656 414 popularem,
683 363 772 414 quia
797 365 909 403 aucta
934 360 1069 403 Xerxis
1094 362 1299 413 ignominia
1323 364 1484 412 augetur
1509 362 1628 412 gioria

246 426 486 466 Graecorum.
549 426 668 466 Simili
708 427 819 466 modo
855 430 968 475 atque
1009 427 1160 466 easdem
1201 427 1248 466 ob
1287 427 1450 466 rationes
1484 426 1628 475 reliqna

245 489 365 529 nuntii
391 490 617 537 narratione·
633 498 694 529 res
721 490 851 539 augeri
876 489 1093 530 videbimus.

387 741 448 790 xl.
513 741 571 790 ne
602 741 730 801 gravi
763 740 943 790 Atossac
975 751 1080 790 voce
1113 741 1173 802 (v.
1207 739 1491 803 ass-472).

349 870 508 909 Atossae
542 880 614 909 vox
647 866 772 919 πικρὰν
808 867 849 907 δὲ
884 873 966 912 παῖς
993 867 1078 918 ἐμὸς
1104 867 1273 918 τιμωρίαν
1299 869 1441 907 κλεινῶν
1462 863 1625 919 Ἀθηνῶν

243 929 323 984 εὗρε
348 946 382 972 κ.
409 946 441 971 τ.
470 933 501 971 λ.
530 933 581 984 (v.
617 932 845 981 468—472)
881 932 1063 981 insignem
1098 931 1212 972 habet
1245 932 1320 971 vim
1336 930 1414 982 ¹¹⁹).
1475 932 1624 972 Etenim

242 997 379 1036 Darius
416 997 503 1036 olim
542 997 679 1036 certior
713 996 833 1035 factus
869 995 1005 1035 Sardes
1042 999 1170 1045 captas
1203 1006 1285 1035 esse
1310 996 1552 1045 incensasque
1577 997 1624 1035 ab

242 1059 530 1099 Atheniensibus
566 1062 604 1098 et
629 1059 802 1107 Ionibus,
838 1059 942 1098 nulla
975 1059 1119 1098 ratione
1154 1058 1282 1098 habita
1306 1058 1459 1107 Ionum,
1488 1059 1625 1109 quippe

243 1134 336 1172 quos
362 1123 456 1162 bene
469 1125 596 1162 nosset
622 1132 698 1161 non
711 1122 863 1171 impune
888 1122 1042 1169 laturos,
1058 1122 1157 1171 quod
1172 1121 1402 1170 defecissent,
1431 1122 1623 1171 quaesivit,

242 1186 393 1236 quinam
421 1188 545 1225 essent
573 1185 840 1232 Athenienses3
878 1185 1013 1224 deinde
1039 1187 1239 1234 postquam
1265 1184 1427 1234 audivit,
1454 1186 1626 1235 poposcit
1702 1235 1706 1240 ‚

241 1259 369 1289 arcum
396 1253 435 1289 et
460 1249 636 1299 sagittam
663 1249 765 1288 arcui
801 1248 1014 1298 impositam
1051 1248 1174 1288 emisit
1198 1248 1235 1288 in
1268 1248 1411 1288 coelum
1437 1251 1553 1298 utque
1580 1259 1626 1288 ea

241 1313 412 1361 evolavit,
448 1312 670 1351 exclamavit
704 1308 735 1348 ὦ
771 1312 850 1358 Ζεῦ,
886 1309 1088 1360 ἐκγενέσθαι
1121 1323 1180 1361 μοι
1212 1306 1424 1361 Ἀθηναίους
1459 1311 1623 1350 τίσασθαι

241 1376 390 1428 (hisque
416 1376 525 1416 dictis
551 1376 742 1417 mandavit
779 1376 844 1415 uni
879 1387 900 1415 e
927 1374 1126 1424 ministris,
1153 1377 1214 1423 ut,
1240 1375 1385 1425 quoties
1412 1386 1528 1416 coena
1552 1375 1624 1425 ipsi

242 1443 505 1491 apponeretur,
526 1443 585 1479 ter
610 1441 680 1490 ipsi
695 1441 846 1487 diceret,
874 1437 1040 1486 δέσποτα,
1066 1437 1192 1488 μέμνεο
1217 1443 1287 1476 τῶν
1310 1433 1528 1489 Ἀθηναίων)
1545 1437 1622 1487 ¹⁵³⁰).

240 1504 314 1546 Sed
340 1504 502 1554 impetus
528 1503 608 1543 eius
635 1503 682 1543 ab
720 1502 1007 1543 Atheniensibus
1033 1501 1173 1542 fractus
1204 1505 1263 1542 σοι
1287 1502 1336 1542 ad
1361 1501 1622 1544 Marathonem

239 1566 299 1606 καὶ
325 1565 390 1607 οὒκ
413 1564 585 1616 ἐξεγένετο
614 1566 648 1606 οἱ
672 1567 954 1617 τιμωρήσασθαι,
980 1569 1023 1605 ut
1049 1567 1101 1605 ait
1113 1566 1258 1606 Xerxes
1271 1577 1395 1605 coram
1407 1566 1622 1616 proceribus

239 1632 452 1679 Persarum,
477 1629 613 1680 quibus
648 1630 889 1680 semetipsum
921 1629 1108 1680 promittit
1134 1629 1415 1669 Atheniensium
1442 1629 1620 1668 ultorem:

239 1693 362 1745 μέλλω
390 1693 473 1733 ἐλᾶν
502 1693 649 1744 στρατὸν
678 1691 734 1732 ἐπὶ
759 1692 822 1743 τὴν
846 1689 1014 1740 Ἑλλάδα,
1043 1691 1097 1731 ἵνα
1119 1687 1331 1742 Ἀθηναίους
1357 1692 1622 1742 τιμωρήσωμαι,

239 1755 309 1798 ὅσα
323 1757 367 1808 δὴ
382 1754 868 1808 πεποιήκασιΠέρσαςτεκαὶ
889 1753 1027 1806 πατέρα
1044 1754 1103 1794 τὸν
1122 1753 1216 1806 ἐμόν.
1271 1755 1377 1807 (Her.
1397 1754 1479 1804 VH,
1507 1758 1548 1803 83
1577 1754 1621 1795 cf.

239 1825 436 1874 praeterea
475 1821 610 1862 Xerxis
650 1832 778 1861 vocem
817 1820 918 1869 ibid„
964 1823 1030 1859 11:
1073 1818 1122 1871 μὴ
1172 1817 1244 1870 ειην
1290 1817 1332 1858 ἐκ
1370 1818 1517 1871 Δαρείου
1557 1822 1620 1860 τοῦ

235 1883 488 1929 Υστάσπεος.
519 1915 527 1923 .
557 1915 564 1923 .
594 1915 602 1923 .
631 1889 694 1923 τοῦ
743 1880 972 1934 Ἀχαιμένεος
1029 1881 1183 1933 γεγονὼς
1235 1882 1283 1933 μὴ
1336 1880 1621 1933 τιμωρησάμενος

235 1944 476 1999 Ἀθηναίους.)
512 1948 591 1988 Has
626 1948 740 1998 igitur
775 1948 822 1987 ad
863 1958 922 1987 res
951 1947 1108 1987 Atossae
1144 1947 1257 1986 verba
1281 1949 1465 1997 spectant.
1518 1945 1622 1986 Inter

240 2024 335 2063 quae
347 2012 538 2063 praecipui
550 2012 725 2061 ponderis
749 2015 807 2051 est
822 2011 1051 2050 Athenarum
1070 2009 1261 2060 epitheton
1287 2011 1450 2048 κλεινῶνε
1478 2010 1620 2058 urbem,

241 2076 287 2116 de
314 2087 389 2126 qua
423 2079 615 2125 tamquam
654 2075 811 2115 obscura
846 2074 982 2115 Darius
1018 2074 1226 2114 sciscitatus
1262 2076 1362 2121 erat,
1389 2072 1495 2112 Darii
1528 2083 1622 2112 uxor

245 2271 471 2314 108--1123
500 2268 639 2303 Dunck.
668 2266 730 2311 iv,
759 2267 985 2312 800—806;
1014 2266 1109 2302 Curt.
1136 2265 1183 2309 11,
1212 2268 1259 2300 '12
1288 2276 1341 2311 sq.
1368 2285 1420 2292 —-·
1448 2265 1503 2301 Do
1524 2265 1620 2301 The-

239 2322 404 2358 mistoclis
417 2322 537 2357 nuntio
564 2324 699 2356 veteres
712 2330 825 2355 rerum
838 2321 1024 2365 scriptores
1036 2319 1173 2354 diversa
1187 2318 1401 2363 rettulerunt,
1416 2319 1621 2354 recentiores

240 2377 302 2410 viri
337 2375 430 2410 docti
465 2373 603 2409 diversa
641 2374 872 2408 coniecerunt.
927 2371 1026 2418 Quae
1062 2381 1268 2417 componere
1294 2375 1400 2419 atque
1426 2371 1621 2407 examinare

159 2424 164 2429 ’
239 2428 385 2473 longius,
413 2437 517 2472 quam
545 2426 683 2461 uberius
710 2430 772 2470 est,
799 2424 892 2470 quod
919 2424 1058 2469 quidem
1085 2426 1207 2459 attinet
1232 2423 1276 2459 ad
1304 2432 1376 2459 rem
1401 2426 1568 2459 nostram.

348 2476 414 2526 ¹¹⁹)
443 2478 539 2515 Idem
567 2477 808 2515 animadvertit
835 2476 1078 2514 Volekmarius
1104 2476 1127 2514 Ι.
1155 2487 1189 2514 n.
1219 2477 1268 2513 60
1295 2475 1339 2523 l.;
1368 2475 1411 2513 ci'.
1437 2487 1472 2512 n.
1506 2477 1588 2512 146.

349 2528 412 2581 ¹²⁰)
433 2532 522 2568 fler.
551 2531 595 2576 v,
627 2532 711 2568 ios.
