1844 2859
904 42 954 87 62

240 168 387 211 tantum
415 165 532 214 abest,
558 168 603 206 ut
627 167 778 216 poetam
792 176 876 209 cum
890 164 1123 213 Blomfieldio
1150 165 1285 216 (praef-
1305 166 1378 217 XI)
1404 166 1624 219 numerem,

240 234 284 269 ut
318 241 393 269 non
432 230 524 269 satis
563 240 649 275 eum
682 228 838 270 laudate
876 229 1029 280 possim.
1083 229 1231 274 Etenim
1267 241 1344 278 nen
1379 228 1461 277 ‚fere
1500 234 1627 283 Βρεμι

240 292 333 340 fieri,
361 292 450 342 quin
477 292 690 332 blandiatur
716 292 833 331 Dario
862 291 1010 340 chorus,
1037 291 1101 332 ubi
1126 303 1172 331 ex
1197 291 1324 333 inferis
1350 304 1436 333 eum
1463 294 1626 334 excitare

240 357 402 403 studeat,
416 356 564 404 Atossa,
593 355 657 395 ubi
684 367 769 395 eum
796 354 943 394 affetur.
1000 354 1161 395 Omnino
1187 367 1276 395 vero
1299 356 1503 396 secundum
1517 360 1626 396 natu-

239 431 321 458 ram
348 421 417 466 est,
445 418 546 468 qnod
573 418 707 458 chorus
734 418 772 456 in
801 418 920 456 maius
948 417 1092 457 extollit
1106 417 1211 456 Darii
1235 418 1404 467 gloriam,
1426 421 1625 469 postquam

240 493 424 523 summam
446 481 581 522 Xerxis
601 481 762 529 dedecus
772 482 958 532 percepit:
980 484 1063 526 tum
1078 481 1247 536 profacto
1260 482 1438 522 acerrime
1450 483 1625 530 sentiens,

240 549 381 595 quanto
408 545 572 584 deterior
598 545 648 584 sit
661 544 804 583 Xerxes
820 545 933 583 Dario
946 574 955 592 ,
992 544 1079 583 dum
1109 555 1173 583 eos
1198 543 1297 583 inter
1316 556 1358 584 se
1383 546 1550 595 opponit,
1577 546 1625 584 ad

240 609 349 649 buius
373 608 505 649 ludes
519 608 675 649 nimium
702 607 892 658 augendas
906 607 1006 652 ultro
1032 606 1163 650 fertur.
1207 607 1353 652 Oblitus
1367 611 1426 649 est
1451 609 1625 657 nimirum

239 672 496 713 Blomfieldius
508 676 660 722 poetam
678 674 852 722 oportere
864 683 1044 722 personas
1057 683 1131 712 non
1144 671 1194 711 ad
1209 672 1411 717 veritatem.
1424 671 1626 726 immoene,

239 737 308 777 sed
347 736 397 777 ad
430 747 561 776 omnes
596 746 744 785 semper
781 735 1012 775 conditiones
1047 738 1161 785 atque
1187 733 1342 774 affectus
1379 735 1626 785 ψυχολογικῶς

239 800 435 849 loquentes
460 798 594 839 facere.

345 861 531 911 Singulos,
558 862 620 902 ubi
633 861 771 902 Darius
797 861 985 909 laudatur,
1011 861 1113 902 locos
1141 862 1315 913 deinceps
1341 862 1503 903 lustrare
1520 863 1627 906 nolu-

240 937 336 974 mus,
362 917 584 975 praesertim
611 936 695 964 cum
722 935 989 974 nonnunquam
1016 924 1149 963 eadem
1172 924 1257 965 aliis
1283 925 1404 965 verbis
1435 928 1629 975 repetatur

239 990 334 1029 laus.
386 988 702 1028 Pertractabimus
729 987 913 1027 canticum
937 986 1044 1027 chori
1071 1000 1106 1027 V.
1121 990 1342 1038 854—-885,
1370 988 1508 1039 quippe
1527 988 1627 1039 qnod

240 1051 371 1091 laudes
406 1053 487 1090 tum
521 1061 637 1100 supra
675 1050 813 1100 passim
851 1050 993 1098 editas,
1029 1053 1109 1090 tum
1146 1062 1262 1090 novas
1295 1055 1483 1102 proponat
1513 1052 1628 1101 idque

241 1114 432 1164 disposite.

345 1178 403 1218 De
430 1178 673 1228 dispositione
683 1177 872 1227 praeconii
883 1177 994 1220 huius
1016 1176 1222 1217 admodum
1236 1176 1439 1222 artificiosa
1453 1154 1627 1227 quoniam

241 1252 351 1281 nemo
388 1240 531 1289 adhuc,
570 1240 671 1290 quod
709 1240 845 1288 sciam,
872 1240 1067 1289 exposuit,
1094 1250 1215 1290 pauca
1238 1239 1350 1286 liceat
1373 1241 1629 1291 praemittere.

240 1305 409 1345 Primum
433 1303 549 1353 igitur
573 1315 644 1354 par
655 1302 894 1353 stropharum
907 1303 1114 1353 generatim
1127 1303 1258 1349 laudat
1267 1303 1377 1348 Darii
1399 1303 1627 1353 felicitatem,

241 1370 282 1406 et
306 1367 457 1417 quidem
481 1366 640 1416 stropha
680 1367 913 1414 universam,
941 1366 1178 1416 antistropha
1211 1366 1406 1416 stropham
1438 1367 1627 1417 explicans
1658 1392 1660 1395 -

241 1433 324 1470 tum
336 1429 516 1478 bellicam,
531 1432 613 1470 tum
626 1430 782 1470 civilem.
827 1429 972 1470 Bellica
984 1429 1141 1472 felicitas
1151 1429 1392 1479 praedicatur
1401 1430 1606 1480 impensius
1617 1442 1626 1477 3

240 1504 361 1542 neque
386 1493 426 1532 id
452 1494 609 1540 mirum3
647 1494 824 1542 opposita
863 1493 962 1531 enim
989 1492 1123 1531 Xerxis
1159 1491 1363 1541 calamitas,
1390 1503 1487 1541 (11188
1521 1492 1628 1533 chori

241 1556 366 1600 animo
389 1555 624 1605 obversatur,
651 1555 785 1602 bellica
811 1558 879 1596 est.
934 1554 1044 1603 Unde
1071 1555 1184 1603 etiam
1209 1554 1356 1605 reliqua
1381 1555 1515 1601 cantici
1537 1566 1628 1607 pars

241 1620 362 1660 omnis
396 1620 435 1660 in
460 1619 600 1659 bellicis
627 1619 734 1659 Darii
770 1619 941 1659 laudibus
968 1619 1199 1659 celebrandis
1223 1622 1406 1660 versatur.
1458 1619 1628 1659 Alterum

241 1685 281 1722 et
305 1683 461 1722 tertium
485 1682 727 1732 stropharum
749 1693 823 1732 par
848 1682 1041 1733 speciatim
1067 1685 1284 1733 proponunt
1307 1682 1391 1723 loca
1403 1686 1626 1733 expugnant,

241 1747 402 1787 alterum
416 1745 528 1785 urbes
554 1746 592 1784 in
621 1746 833 1785 continente
859 1746 962 1794 sitas,
992 1746 1144 1786 tertium
1167 1746 1320 1789 insulas.
1378 1745 1522 1788 Harum
1555 1758 1622 1796 po-

241 1812 382 1856 strema
399 1811 713 1848 commemoratur
727 1807 870 1858 Cyprus
891 1809 1043 1857 eiusque
1056 1819 1101 1847 ex
1125 1809 1280 1848 urbibus
1292 1811 1370 1848 tres
1386 1809 1629 1852 nominantur

239 1877 281 1913 et
315 1871 465 1923 quidem
502 1874 694 1922 postrema
732 1871 952 1921 gravissime
986 1871 1167 1921 Salamis,
1209 1872 1428 1918 memoriam
1466 1871 1628 1920 afferens

240 1936 396 1986 orimis
419 1935 678 1985 cognominis,
717 1946 813 1985 quae
838 1935 964 1974 Persis
985 1938 1049 1974 est
1073 1935 1195 1977 luctus
1214 1935 1326 1985 origo
1343 1934 1421 1985 ¹⁶³).
1473 1935 1627 1986 Epodus

239 1999 407 2041 locorum
447 2001 744 2048 expugnatorum
779 1997 915 2039 seriem
950 1998 1098 2048 εειεείε
1138 1997 1324 2042 concludit
1360 2009 1429 2047 per
1462 1998 1626 2048 Ioniam,

238 2065 446 2106 extremam
480 2061 569 2102 belli
608 2060 851 2107 funestissimi
888 2071 1048 2103 causam.
1102 2060 1273 2110 Denique
1306 2061 1442 2106 iterum
1464 2061 1628 2108 laudatis

243 2125 359 2175 copiis
370 2125 476 2165 Darii
503 2124 605 2165 redit
627 2125 679 2164 ad
707 2124 937 2174 querendam
951 2124 1203 2164 calamitatem
1215 2123 1361 2173 Xerxis,
1389 2125 1453 2176 qui
1473 2125 1627 2172 iamiam

243 2188 473 2228 adventurus
500 2191 580 2228 est.»

346 2252 407 2291 Ad
433 2252 629 2291 veritatem
642 2251 797 2301 stropha
824 2265 847 2290 α
875 2252 1077 2302 praedicat,
1105 2252 1296 2291 universas
1322 2263 1382 2290 res
1399 2251 1516 2291 Dario
1540 2263 1629 2301 rege

241 2315 411 2357 floruisse
427 2313 505 2365 ¹⁶⁴).
560 2315 618 2354 Ex
653 2314 828 2365 epithetis
854 2315 959 2354 Darii
997 2310 1133 2359 ἀκάκας
1168 2314 1216 2354 ad
1242 2325 1366 2354 mores
1391 2317 1538 2364 spectat
1564 2314 1626 2366 (cf.

350 2463 411 2513 ¹⁶³)
441 2466 530 2504 Vide
553 2470 674 2502 notam
701 2465 866 2503 xxvn.

350 2516 413 2569 ¹⁶²²)
437 2519 492 2556 cf.
516 2519 661 2556 ,numu
688 2518 735 2565 11,
765 2519 852 2556 640.
