1844 2859
935 39 987 83 30

269 170 358 209 ante
405 168 587 219 proelium
626 168 731 208 iussu
768 166 902 208 Xerxis
941 167 1153 219 (Hmdoto
1192 173 1318 210 autem
1352 170 1508 211 mutere
1542 171 1645 212 iuaeu

269 233 422 283 dueum)
461 232 569 272 multi
608 231 807 272 Persarum
846 234 1119 282 occupaverunt
1153 232 1209 283 (v.
1249 233 1365 282 445)-;
1412 232 1542 274 florem
1581 243 1645 274 eos

268 296 451 336 exercitus
485 294 601 336 fuisse
635 305 731 335 unus
765 295 968 336 memoriae
1000 294 1166 345 prodidit
1190 299 1308 346 poeta*
1328 297 1379 346 (v.
1405 298 1644 348 cas-438).

267 360 326 399 De
352 359 518 408 consilio,
541 363 619 408 quo
635 358 772 399 Persae
798 358 1000 398 ibifuen'nt
1012 359 1192 407 collocati,
1218 360 1315 399 idem
1342 359 1646 409 historiciatque

266 425 381 473 poeta
419 423 470 472 (v.
511 421 736 471 445—448)
755 444 757 446 -
775 421 988 472 proferunt:
1036 422 1171 472 duplex
1212 425 1294 462 erat
1341 422 1553 472 consilium,
1599 426 1646 462 ut

267 486 444 536 appulsos
482 485 531 526 ad
555 485 714 525 insulam
740 485 867 525 hostes
892 485 1123 534 occiderent,
1161 487 1284 526 sotios
1304 489 1512 527 servarent.
1566 486 1645 526 Nec

266 560 355 590 vero
380 549 519 589 multos
540 551 606 588 aut
629 548 758 589 hostes
773 548 990 588 oeciderunt
1015 551 1081 588 aut
1105 549 1225 589 socios
1250 552 1458 590 servarunt.
1508 548 1645 591 Simul-

267 616 381 663 atque
427 613 526 652 enim
567 612 711 653 Graeca
759 612 886 653 classis
934 611 1122 662 vicit¹⁰⁸)‚
1155 612 1307 653 »milites
1346 613 1480 653 Graeci
1523 614 1645 663 gmvis

266 677 479 715 armaturae
503 675 552 714 ad
576 675 735 714 insulam
761 675 985 724 appulerim
1011 676 1063 725 (v.
1090 676 1327 724 449—4⁷52).
1366 675 1490 715 Emit
1517 679 1642 715 antem

266 738 424 780 testibus
450 749 576 779 rerum
601 737 844 789 sclissoribus
869 737 1112 780 Attienienses
1133 751 1160 779 *e
1183 739 1435 795 praesidiovin
1448 739 1644 780 Salaminis

269 813 336 841 ora
360 802 542 841 collocato
559 801 625 850 ¹¹⁰)
651 802 883 849 ducebatque
910 812 974 840 eos
1001 802 1204 849 Aristides,
1229 802 1293 850 qni
1319 802 1460 850 primus
1486 802 1645 840 insulam

268 875 293 905 a
329 863 454 905 Persis
494 865 713 915 occupatam
752 874 834 905 esse
872 863 1188 905 animadverterat
1204 863 1281 916 ¹¹¹).
1343 864 1400 904 De
1438 875 1503 914 eo,
1545 864 1643 915 qnod

267 941 389 979 neque
415 929 617 968 Aristidem
656 940 778 978 neque
805 929 1055 969 Athenienses·
1076 930 1244 969 nominat
1269 930 1491 979 Aeschylus,
1531 939 1646 978 supra

266 993 340 1032 iam
367 991 615 1043 exposuimus.
643 1013 694 1019 —
721 991 915 1040 Quomodo
941 1002 1001 1032 res
1038 991 1250 1043 Psyttaleae
1275 995 1383 1043 gesta
1407 992 1467 1041 sit,
1496 1003 1645 1033 accura-

267 1058 342 1097 tius
367 1069 463 1097 unus
502 1057 676 1097 describit
713 1060 826 1106 poeta
866 1057 918 1106 (v.
946 1057 1183 1106 452—459).
1237 1057 1389 1104 Graeci,
1429 1061 1472 1096 ut
1506 1061 1645 1104 narrat,

268 1121 467 1169 postquam
503 1129 524 1157 e
559 1118 712 1157 navibus
740 1119 988 1167 exsiluerunt,
1030 1121 1148 1157 totam
1176 1119 1333 1158 insulam
1361 1119 1512 1168 cingunt
1537 1130 1645 1158 omne

269 1182 392 1222 Persis
431 1181 609 1232 effigium
634 1182 943 1230 intercludenten
985 1193 1030 1222 ae
1064 1172 1225 1232 primum
1261 1182 1410 1232 quidem
1438 1183 1490 1221 ab
1524 1183 1569 1222 iis
1601 1195 1646 1221 ex

269 1245 401 1284 altiore
427 1245 507 1285 loco
533 1245 695 1295 (acclivis
723 1246 820 1284 enim
848 1248 906 1285 est
931 1246 1067 1295 insula)
1104 1256 1194 1284 saxa
1219 1245 1448 1295 sagittasque
1475 1245 1646 1284 deiicien—

269 1470 431 1515 alteram,
472 1481 541 1516 qua
573 1471 683 1507 tribus
709 1471 793 1506 locis
818 1471 965 1508 Salamis
1001 1471 1216 1517 designatur3
1257 1471 1379 1507 dicitur
1404 1470 1534 1508 scilicet
1559 1469 1645 1505 baec

270 1535 304 1560 v.
342 1523 436 1565 302,
478 1524 571 1567 363,
612 1524 686 1558 599
727 1534 779 1570 sq.
819 1523 930 1558 insula
960 1524 1087 1559 Aiacis.
1143 1524 1219 1558 Non
1262 1533 1337 1558 raro
1367 1521 1562 1568 Aeschylus
1603 1520 1645 1555 de

268 1574 435 1611 industria
453 1587 455 1589 ¹
473 1575 530 1612 vel
577 1585 646 1611 uno
695 1575 865 1612 vocabulo
911 1576 1162 1622 spectatoribus
1200 1577 1234 1611 in
1276 1576 1475 1612 memoriam
1513 1572 1646 1610 reducit

268 1628 440 1673 quaedam
480 1639 524 1663 ex
548 1628 696 1674 mythis,
734 1630 919 1674 pmeeipue
943 1629 1155 1673 Homericis,
1188 1630 1305 1674 itaque
1333 1629 1428 1664 velut
1449 1630 1486 1663 in
1512 1629 1645 1673 pictura

269 1691 414 1727 paterga
440 1682 600 1726 proponit
624 1682 791 1727 imagines
817 1681 1063 1727 putcherrimae
1082 1681 1265 1727 Graiisque
1291 1681 1440 1716 maxime
1465 1681 1644 1727 gratiosas.

268 1734 326 1770 Sie
353 1735 462 1771 tribus
488 1733 553 1770 illis
578 1733 663 1771 locis
678 1735 819 1771 Aiacem
846 1734 1084 1772 Telamonium
1112 1746 1133 1770 a
1159 1739 1256 1780 patre
1282 1739 1462 1780 poetarum
1482 1732 1644 1771 celebra-

268 1791 341 1822 tum
380 1787 631 1833 spectatoribus
670 1792 750 1822 ante
790 1787 909 1822 oculos
949 1789 1054 1832 ponit.
1120 1787 1187 1823 Hic
1226 1791 1341 1823 autem
1370 1788 1473 1822 Panis
1511 1787 1544 1820 in
1585 1795 1645 1819 ora

269 1839 426 1885 vagantis
452 1840 659 1875 mentionem
685 1840 838 1875 iniiciens
864 1840 1048 1876 narrationi
1064 1837 1252 1886 mythicum
1281 1838 1453 1886 quendam
1479 1837 1645 1874 admiscet

269 1891 436 1927 colorem:
481 1892 625 1928 verbum
670 1897 785 1928 autem
826 1887 1024 1939 ἐμβατεύειν
1059 1895 1159 1928 sonat
1194 1902 1236 1928 ac
1270 1892 1387 1937 resipit
1420 1890 1643 1927 Homericum

267 1940 493 1992 ἄμφιβαίνειν.
549 1944 694 1979 Accedit
727 1949 803 1979 tum
831 1945 968 1988 Aiacis,
994 1949 1065 1979 turn
1093 1953 1176 1980 vere
1203 1944 1308 1981 Panis
1334 1940 1499 1980 mentioni
1523 1944 1644 1986 singu:-

266 1997 350 2033 laris
382 1996 553 2043 quaedam
588 1999 652 2034 vis.
706 1997 769 2034 Ille
797 1998 888 2034 enim
913 1997 1057 2034 Graecis
1084 1997 1230 2034 affuerat
1253 1999 1288 2034 in
1315 2008 1432 2044 pugna
1457 1995 1643 2034 Salaminia

267 2050 366 2098 (Her.
380 2050 479 2095 Vin,
504 2049 583 2097 64).
630 2051 708 2096 Hic,
732 2053 790 2096 qai
807 2051 1074 2087 Atheniensibus
1101 2053 1277 2097 superiore
1303 2053 1372 2087 iam
1400 2049 1489 2086 bello
1505 2050 1642 2085 Persico

266 2102 417 2138 studium
452 2113 554 2138 suum
589 2103 797 2148 probaverat
832 2104 876 2139 ob
914 2113 1059 2149 eamque
1098 2113 1239 2139 causam
1266 2104 1372 2139 saeris
1398 2106 1471 2138 erat
1496 2101 1643 2137 donatus

266 2155 365 2203 (Her.
390 2155 452 2200 VI,
484 2156 574 2201 1053
611 2156 716 2193 Paus.
745 2156 772 2201 Ι,
800 2158 860 2201 28,
889 2155 936 2202 4),
962 2156 1029 2192 hoc
1055 2154 1129 2202 ipso
1156 2156 1460 2206 loco-gravissime
1488 2164 1642 2192 comme-

267 2213 438 2252 moratur,
477 2209 536 2243 ubi
572 2220 627 2244 res
662 2210 844 2254 exponitur
881 2213 980 2254 gesta
1005 2210 1050 2244 ab
1078 2208 1359 2245 Atheniensibus.
1412 2208 1641 2255 (Postremum

266 2261 333 2297 hoc
359 2260 573 2307 Droysenius
600 2261 800 2297 observavit
823 2262 858 2296 in
886 2262 1043 2297 versione
1069 2261 1114 2296 ad
1142 2261 1178 2298 h.
1205 2259 1242 2307 l.)

372 2310 435 2360 ²⁰⁹)
461 2313 667 2350 Plutarchus
711 2315 813 2350 refert
855 2325 926 2350 rem
967 2313 1240 2360 Psyttaieensem
1279 2318 1411 2360 gestam
1450 2323 1525 2349 esse
1561 2315 1641 2347 ante

264 2375 417 2412 pugnam
444 2366 622 2413 navalem3
650 2367 743 2413 quod
768 2377 850 2403 cum
873 2376 933 2412 per
956 2376 993 2402 se
1013 2367 1084 2402 veri
1106 2371 1158 2402 est
1176 2366 1350 2412 dissimile,
1376 2370 1449 2401 tum
1476 2363 1642 2402 refutatur

264 2419 667 2519 graviqsligpiEAesgilyilli
693 2419 921 2509 ‹35Herodoti
947 2420 1160 2456 testimoniis.

497 2482 545 2509 er.
664 2499 673 2518 ,
753 2502 761 2511 .

370 2523 435 2573 1η)
463 2525 554 2562 Flet.
579 2525 604 2562 1.
632 2525 655 2563 l.
