1844 2859
930 42 979 78 72

261 171 299 210 in
325 174 456 211 nostra
482 173 729 223 explicatione
763 174 983 223 gravissime
1009 175 1176 225 profecto
1211 177 1310 216 inter
1335 188 1376 217 se
1406 181 1647 228 opponuntur

260 246 335 274 non
362 236 483 274 solum
495 237 622 285 verba,
637 237 702 276 sed
716 238 829 278 etiam
847 249 908 277 res
935 248 979 277 ac
1003 235 1109 282 τέλος
1130 236 1171 277 δέ
1183 239 1367 289 significat
1378 240 1643 291 καταστροφήν.

261 298 486 338 Particulam
513 302 640 340 autem
666 297 734 351 γάρ
761 303 892 341 notum
919 304 977 341 est
1002 302 1151 352 saepius
1182 303 1237 343 ita
1262 304 1362 354 poni,
1391 307 1434 343 ut
1459 308 1534 344 non
1561 303 1645 344 ilico

260 374 401 410 eorum,
430 374 527 412 quae
552 364 790 412 antecedunt,
819 376 968 404 causam
996 365 1139 413 afferat,
1167 367 1232 405 sed
1257 367 1468 417 longiorem
1493 368 1647 407 inducat

259 426 554 475 explicationem,
583 427 642 466 cui
660 438 772 466 causa
787 428 911 477 aliqua
932 428 1154 467 involvatur.
1209 429 1473 470 Subiectorum
1486 430 1646 480 denique

259 489 486 529 mutationes
511 500 587 529 non
613 491 798 529 indicatae
825 491 916 530 nihil
943 491 1099 531 habent
1119 492 1340 532 insolentiae
1362 494 1404 532 in
1431 495 1646 570 narratione

258 552 419 590 maxime
446 552 571 591 alacri.
1656 568 1663 574 ⁸

363 614 466 653 XIX.
522 615 585 663 (V.
622 617 731 666 457.)
767 612 876 666 potior,
913 617 972 655 cst
1005 616 1167 666 impetus
1201 620 1373 667 strepens
1409 616 1520 669 (ὁρμὴ
1558 617 1645 670 μετὰ

259 676 380 727 ψόφου
408 678 610 728 Hesych.);
639 679 684 718 cf.
713 692 746 718 v.
775 683 863 719 401.
892 679 1016 719 Nolim
1045 691 1128 719 cuin
1156 681 1363 730 Droysenio
1390 684 1429 720 et
1446 682 1645 722 Dunckem

259 740 340 791 (IV,
382 742 476 792 800)
512 741 706 782 Boeotiam
747 744 827 782 eius
868 743 1046 783 vocabuli
1075 743 1383 793 significationem
1419 745 1556 794 (Proci'.
1596 747 1644 786 ad

259 805 411 845 Hesiod.
455 806 498 845 Ο.
541 809 579 845 et
604 806 651 845 D.
688 818 722 845 v.
761 807 854 856 220)
890 816 1041 846 sumens
1078 805 1116 849 ἐΕ
1154 806 1231 851 ἐνὸς
1257 804 1371 857 ῥόθου
1407 809 1646 858 interpretari

259 879 339 918 ,per
364 869 520 908 callem‘.

362 932 448 971 XX.
503 932 566 983 (V.
608 935 684 972 489
721 934 795 982 sq.)
818 928 981 970 Ἠδωνίδ’
1020 930 1098 971 αἶαν
1140 934 1252 982 (quod
1294 934 1428 983 copula
1453 949 1492 973 τε
1519 944 1645 974 carere

257 995 631 1035 animadvertendum
658 997 732 1046 est)
761 997 867 1045 quasi
893 997 1077 1045 appositio
1106 999 1163 1035 est
1189 996 1237 1035 ad
1262 997 1442 1047 Παγγαῖον
1469 997 1554 1047 ὅρος
1581 1010 1645 1038 va-

257 1058 383 1107 letque
408 1059 486 1098 fere
513 1058 549 1097 ἐν
571 1055 733 1097 Ἠδωνίδι
761 1058 822 1116 αἴᾳ
848 1058 1010 1108 κείμενον.
1066 1059 1149 1098 Non
1178 1059 1318 1108 multis,
1332 1061 1476 1110 opinor,
1490 1062 1644 1101 Grotius

257 1121 342 1171 (ΙΙΙ,
374 1125 446 1161 113
475 1134 511 1161 n.
555 1122 623 1171 82)
650 1122 909 1172 persuadebit,
938 1123 1162 1173 Aeschylum
1189 1124 1400 1172 nescivisse,
1428 1124 1579 1164 Edonos
1606 1130 1644 1165 et

257 1184 472 1234 Pangaeum
499 1189 663 1224 montem
694 1187 741 1233 ,in
770 1186 911 1225 Edonis
938 1186 1063 1225 situm‘
1093 1197 1114 1224 e
1141 1187 1300 1225 Graecia
1325 1186 1643 1236 proficiscentibus

257 1259 339 1288 esse
365 1252 470 1288 trans
484 1249 732 1298 Strymonem.
788 1249 867 1288 Nec
893 1248 1059 1298 profecto
1086 1250 1169 1288 illos
1196 1251 1302 1299 ponit
1328 1251 1379 1290 cis
1394 1251 1642 1301 Strymonem,

256 1312 367 1352 modo
393 1313 496 1353 locus
525 1313 729 1363 explicetur
756 1324 801 1352 ea
827 1313 983 1361 ratione,
1012 1323 1122 1362 quam
1150 1314 1188 1351 in
1217 1315 1530 1354 commentatione
1556 1326 1642 1364 pro·-

254 1377 457 1424 posuimus.
498 1377 618 1423 Quam
638 1379 779 1415 rectam
793 1387 875 1415 esse
900 1377 1036 1425 probat
1048 1386 1208 1425 sequens
1235 1374 1328 1414 νυκτὶ
1355 1372 1390 1414 δ’
1415 1376 1450 1414 ἐν
1478 1391 1498 1414 τ
1513 1377 1638 1427 αύτῃ

254 1452 286 1477 κ.
314 1452 343 1477 τ.
373 1440 403 1477 λ.
435 1438 517 1488 ‚hac
542 1443 663 1488 nocte,
690 1440 831 1479 scilicet
852 1443 1050 1489 postquam
1065 1439 1113 1478 ad
1128 1440 1345 1480 Edonorum
1371 1438 1464 1480 fines
1491 1441 1641 1480 adveni·

254 1514 349 1550 mus,
362 1503 604 1552 interpositus
618 1503 717 1541 inter
730 1514 797 1542 nos
812 1507 851 1541 et
864 1503 1015 1542 Edonos
1028 1503 1204 1552 Strymon
1219 1503 1305 1552 gelu
1320 1504 1541 1542 constrictus
1557 1505 1639 1542 est‘.

358 1565 461 1606 XXI.
518 1564 657 1605 Contra
684 1567 746 1614 id,
774 1566 872 1615 quod
902 1566 997 1613 dixi,
1026 1566 1182 1605 Darium
1208 1566 1282 1604 iam
1308 1578 1343 1604 v.
1374 1569 1449 1605 717
1477 1566 1640 1606 vaticinii

254 1633 429 1667 eventum
456 1630 670 1678 praesagire
698 1630 875 1678 coepisse,
904 1641 977 1668 non
1005 1633 1190 1678 repugnat
1218 1641 1251 1667 v.
1283 1632 1369 1676 736,
1399 1630 1510 1668 modo
1537 1633 1639 1668 recte

253 1693 469 1744 explicetur,
498 1692 598 1743 quod
625 1693 747 1733 adhuc
773 1692 914 1732 factum
942 1703 1023 1732 esse
1059 1703 1167 1742 nego.
1222 1692 1320 1732 Avet
1345 1692 1483 1732 Darius
1509 1692 1639 1733 audire

254 1758 430 1796 cecidisse
444 1758 627 1796 Xerxem:
657 1759 720 1806 qui
747 1759 777 1796 si
793 1758 936 1804 cecidit,
965 1768 1141 1805 praesens
1156 1757 1348 1794 calamitas
1375 1767 1449 1794 non
1475 1758 1639 1805 pertinet

252 1821 300 1860 ad
328 1821 554 1869 vaticinium,
583 1832 657 1861 non
685 1824 742 1860 est
765 1820 891 1860 fatalis
905 1820 967 1859 ille
996 1820 1089 1870 ,fons
1116 1820 1311 1876 malorum‘
1327 1821 1378 1870 (v.
1410 1821 1520 1869 744):
1550 1830 1637 1859 nam

252 1897 273 1924 e
300 1885 511 1924 calamitate
538 1885 712 1924 vaticinio
739 1886 931 1934 praedicta
957 1895 1022 1922 rex
1048 1885 1128 1932 ipse
1147 1884 1270 1922 salvus
1297 1884 1433 1922 evadit.
1487 1884 1562 1921 ἔστι
1586 1897 1637 1927 τις

252 1945 430 1998 σωτηρία;
468 1946 539 1986 hoc
574 1947 690 1986 valet:
720 1947 851 1994 ,Estne
890 1947 990 1986 salus
1030 1946 1155 1996 aliqua
1182 1946 1234 1985 rei
1261 1945 1460 1985 Pensicae?
1484 1945 1637 1985 Licetne

249 2022 403 2061 sperare
430 2012 567 2050 malum
596 2011 696 2051 istud
724 2022 798 2050 non
826 2021 908 2050 esse
936 2010 1094 2061 capitale
1120 2021 1143 2049 a
1169 2009 1311 2050 Phineo
1337 2009 1570 2060 praedictum
1578 2011 1608 2048 ‘?‘

355 2075 477 2113 XXII.
531 2075 593 2125 (V.
625 2076 731 2123 737.)
758 2075 846 2114 Sine
873 2075 984 2113 dubio
1012 2075 1131 2123 quivis
1157 2074 1312 2113 audiens
1339 2074 1398 2112 vel
1416 2074 1542 2122 legens
1565 2074 1636 2112 hoc

249 2138 330 2177 ioco
355 2135 511 2189 γέφυραν
537 2142 611 2187 γαῖν
639 2138 734 2176 δυοῖν
763 2137 967 2188 ζευκτηρίαν
982 2137 1028 2177 de
1053 2140 1168 2188 ponte
1194 2138 1232 2176 in
1246 2137 1491 2187 Hellesponto
1505 2136 1635 2177 effecto

249 2203 400 2253 cogitat.
455 2203 639 2251 Langium
677 2214 765 2241 vero
801 2205 841 2241 et
866 2202 1107 2251 Pintzgerum
1134 2202 1191 2246 ad,
1208 2211 1423 2251 pervemam
1449 2202 1633 2251 interpre-

248 2266 429 2305 tationem
469 2266 626 2305 adduxit
660 2266 842 2305 doctrina.
909 2265 1129 2305 Didicerunt
1164 2265 1303 2304 scilicet
1341 2265 1457 2315 (quod
1491 2268 1634 2304 ceteros

249 2330 411 2370 editores
439 2342 514 2370 non
542 2330 713 2370 didicisse
732 2341 865 2380 pamm
893 2330 1061 2369 modeste
1088 2329 1231 2379 dicunt)
1259 2332 1412 2379 pontem
1438 2330 1476 2368 in
1490 2328 1634 2368 Helles-

247 2397 363 2443 ponto
398 2393 538 2435 factum
579 2398 667 2435 ante
704 2394 839 2434 Xerxis
880 2385 1040 2436 reditum
1076 2396 1300 2445 tempestate
1341 2403 1423 2433 esse
1458 2392 1633 2434 deletum.

246 2458 290 2498 Id
316 2461 419 2499 recte
430 2462 573 2508 negant
585 2459 752 2508 ignotum
765 2457 880 2500 fuisse
894 2457 1088 2508 Aeschylo.
1142 2457 1288 2497 Deinde
1300 2468 1407 2496 vero:
1431 2455 1630 2505 „Quodsi,“

245 2522 430 2570 inquiunt,
462 2522 580 2570 „bene
605 2522 714 2563 scivit
738 2525 862 2572 poeta,
878 2523 1016 2561 Atossa
1040 2520 1157 2560 filium
1171 2521 1219 2559 ad
1246 2523 1398 2570 pontem
1421 2520 1633 2569 pervenisse
