1844 2859
938 69 996 107 ¹34

275 202 388 241 quam
401 191 646 232 Athenienses
658 192 731 232 illis
743 192 951 242 praemium
964 203 1039 232 non
1064 197 1325 234 concesserant
1341 194 1413 244 (cf.
1441 194 1519 236 locs
1531 189 1656 245 XIV).

275 254 319 295 In
345 254 502 296 Diodori
527 255 743 296 narratione
777 267 892 296 unum
928 255 967 296 id
993 258 1137 297 rectum
1163 259 1232 307 est,
1261 249 1482 308 quodss'dieit
1503 258 1658 300 Atheni-

268 320 382 358 enses
408 320 447 358 in
487 319 637 359 sinistro
676 330 790 359 cornu
826 319 939 359 fuisse
976 320 1137 368 locatos3
1171 323 1296 360 cetera
1328 322 1545 370 posterioris
1576 323 1658 362 aevi

275 384 400 422 errata
426 384 532 431 sunt,
563 392 584 422 e
610 381 743 432 quibus
769 385 894 422 tamen
921 385 1024 423 recta
1047 386 1229 432 eruerunt
1252 383 1323 424 viri
1359 383 1460 425 docti
1470 402 1486 434 ‚·
1519 385 1659 426 scilicet

273 445 649 485 adLacedaemonios
672 446 710 485 in
733 446 864 486 dextro
887 457 1003 487 cornu
1024 447 1167 497 positos
1189 447 1362 498 deinceps
1382 459 1426 488 se
1450 448 1656 498 applicasse

271 508 487 559 Aeginetas,
513 507 764 558 Megarenses,
792 508 953 559 reliquos
980 509 1144 550 Graecos
1158 509 1220 561 ⁸⁹).

375 572 473 621 Iam,
513 574 556 611 ut
595 575 724 611 narrat
763 571 977 613 Herodotus
1021 573 1141 623 (VIII,
1183 574 1268 623 84),
1309 586 1403 614 cum*
1432 574 1580 615 barbari
1618 575 1656 614 in

272 636 435 676 Graecos
471 634 754 685 inveherentur,
797 635 930 676 Graeci
964 636 1002 676 in
1041 637 1196 687 puppim
1221 638 1452 688 remigarunt
1477 640 1517 678 et
1540 638 1657 678 littori

270 698 385 740 naues
411 695 675 748 admoverunt,
715 700 838 750 quoad
864 711 940 740 una
965 701 1069 740 navis
1095 701 1197 741 socia
1221 701 1411 752 implicata
1436 705 1495 742 est
1517 702 1654 742 hostili.

271 763 380 811 Quod
405 762 497 802 scite
511 762 714 812 Aeschylus
736 765 837 803 tacet
858 765 972 813 atque
993 775 1068 804 uno
1087 766 1217 805 tenore
1235 764 1399 805 Graecos
1419 766 1458 804 in
1478 765 1656 805 barbaros

269 825 359 866 facit
383 826 615 866 incurrentes
652 825 703 876 (v.
732 829 809 866 403
835 826 922 877 sq.).
975 826 1141 867 Primum
1167 830 1293 868 autem
1318 829 1499 879 impetum
1524 827 1656 868 fecisse

270 893 400 930 narrat
425 900 558 929 navem
572 888 766 938 Graecam,
796 900 952 940 eamque
964 889 1186 931 Phoenieiae
1211 892 1297 931 navi
1323 894 1444 931 totum
1465 891 1655 931 detudisse

270 953 437 1004 aplustre
464 953 515 1003 (v.
543 953 781 1002 404-406).
835 952 889 992 Ut
915 964 960 993 ex
987 953 1178 994 Herodoto
1206 954 1248 1005 (l.
1276 954 1319 1005 l.)
1346 955 1530 1003 videmus,
1575 964 1654 993 cer-

270 1016 403 1056 tabant
428 1016 526 1055 inter
547 1026 589 1055 se
612 1015 658 1055 de
681 1016 792 1065 primi
807 1016 968 1066 impetus
981 1016 1100 1065 gloria
1112 1016 1359 1057 Athenienses
1385 1013 1427 1057 et‘
1438 1018 1651 1067 Aeginetae.

270 1078 505 1127 Herodotus,
546 1080 590 1118 ut
615 1076 694 1118 fere
718 1077 824 1128 facit,
866 1079 1008 1119 neutris
1035 1080 1188 1120 accedit.
1242 1080 1429 1121 Diodorus
1455 1091 1544 1120 vero
1570 1079 1653 1131 (XI,
1731 1118 1736 1122 .

272 1143 339 1194 27)
380 1145 419 1182 et
460 1141 681 1182 Plutarchus
709 1142 857 1193 (Tbem.
888 1142 953 1193 15)
995 1146 1033 1183 et
1071 1143 1291 1184 scholiastae
1329 1144 1378 1184 ad
1404 1143 1558 1184 Aristid.
1599 1155 1652 1183 or.

269 1205 476 1245 Panathen.
505 1205 565 1256 (T.
602 1204 669 1254 111,
706 1217 741 1256 p.
775 1209 847 1247 179
875 1206 1005 1256 Dind.)
1058 1207 1346 1248 Atheniensibus
1378 1207 1528 1247 laudem
1553 1206 1654 1246 addi-

261 1266 372 1311 cunt.
426 1269 531 1310 Idem
556 1291 609 1298 —
635 1270 786 1310 minime
821 1272 948 1310 autem
986 1270 1025 1310 id
1052 1271 1187 1311 mirum
1214 1294 1266 1300 —
1291 1282 1517 1322 quamquam
1543 1273 1652 1318 tecte,

269 1333 360 1374 facit
382 1332 601 1383 Aeschylus.
655 1333 756 1373 Dicit
794 1334 892 1374 enim
932 1345 1066 1375 navem
1104 1334 1206 1374 illam
1234 1335 1416 1375 Graecam
1454 1334 1652 1375 incurrisse

269 1397 308 1436 in
342 1396 602 1438 Phoeniciam:
643 1395 888 1437 Phoenicibus
928 1399 1054 1438 autem
1095 1397 1267 1438 dextrum
1305 1398 1500 1438 barbarae
1526 1397 1652 1437 classis

271 1472 386 1501 cornu
434 1459 647 1500 tenentibus
692 1460 730 1499 in
775 1459 926 1500 sinistro
967 1460 1133 1501 Graecae
1173 1461 1299 1501 classis
1339 1472 1470 1510 cornu¹
1493 1460 1654 1511 oppositi
1708 1471 1712 1478 ·

271 1526 380 1564 erant
418 1523 675 1563 Athenienses.
744 1523 1124 1564 Animadvertendum
1177 1527 1235 1564 est
1272 1526 1354 1564 tota
1392 1534 1540 1574 pugnae
1588 1523 1652 1563 de-

271 1587 474 1638 scriptione
514 1586 739 1636 Aeschylum
778 1597 963 1636 nusquam
988 1586 1156 1637 proferre
1195 1587 1478 1627 Atheniensium
1503 1597 1651 1626 nomen.

270 1650 413 1691 Iterum
452 1662 487 1690 v.
516 1652 591 1690 412
633 1650 819 1690 communi
846 1649 1075 1691 Graecorum
1114 1650 1264 1691 nomine
1289 1661 1353 1691 eos
1379 1649 1555 1701 appellat.
1608 1648 1652 1688 In

272 1714 515 1755 describenda
540 1724 582 1753 re
608 1713 874 1763 Psyttaleensi‚
915 1725 1012 1764 quae
1047 1715 1093 1755 ab
1120 1714 1407 1755 Atheniensibus
1432 1714 1521 1754 solis
1547 1716 1654 1763 gesta

272 1780 342 1827 ost,
377 1788 514 1818 nomen
555 1788 684 1817 eorum
711 1777 857 1818 silentio
883 1778 1031 1828 premit.
1084 1777 1155 1818 Est
1179 1777 1251 1819 hoc
1275 1778 1458 1828 ingenuae
1483 1776 1654 1817 modera-

272 1842 384 1881 tionis
424 1840 678 1891 elegantisque
704 1841 841 1882 iudicii.
895 1841 1015 1882 Poeta
1061 1842 1263 1882 inurbanus
1307 1842 1387 1882 sine
1433 1841 1543 1881 dubio
1587 1851 1655 1890 per

274 1916 421 1945 omnem
470 1904 721 1944 narrationem
761 1904 1042 1945 Atheniensium
1088 1916 1223 1945 nomen
1264 1904 1488 1945 celebrasset
1524 1903 1654 1943 nimia-

275 1980 347 2020 que
386 1967 606 2019 gloriatione
642 1968 706 2008 dev
723 1968 842 2019 gloria
867 1980 996 2010 eorum
1023 1968 1256 2010 detraxisset.
1308 1968 1394 2010 Sed
1408 1968 1514 2017 illuc,
1542 1967 1654 2008 unde

275 2027 598 2081 digressi'sumus‚
626 2035 869 2071 revertamur.
923 2032 1163 2072 Trierarchus
1184 2032 1431 2080 Atheniensis,
1459 2031 1522 2081 qui
1546 2041 1655 2081 prae-

275 2095 414 2136 claram
439 2095 542 2136 illam
568 2095 726 2146 gloriam
753 2095 871 2146 cepit,
908 2094 1101 2137 Herodoto
1136 2099 1175 2137 et
1200 2095 1365 2136 Diodoro
1392 2096 1450 2136 est
1475 2093 1653 2142 Aminias,

274 2159 475 2199 Plutarcho
502 2159 749 2209 Lycomedes,
791 2159 1074 2200 scholiastarum
1110 2160 1159 2199 ad
1189 2159 1343 2200 Aristid.
1370 2158 1479 2199 alteri
1516 2158 1653 2205 soulers,

276 2222 384 2263 alteri
422 2222 609 2274 Sophilus.
678 2223 732 2263 Ut
770 2224 817 2264 ab
857 2223 915 2264 his
955 2224 1149 2275 incipiam,
1191 2223 1340 2273 ,Socles‘
1380 2225 1420 2263 et
1458 2220 1653 2272 ,Sophilus‘

276 2288 426 2328 nomina
459 2290 548 2341 sunt
584 2290 759 2338 corrupta
786 2290 826 2327 et
850 2287 1111 2338 intelligendus
1138 2290 1196 2328 est
1221 2287 1391 2337 Sosicles,
1418 2287 1482 2337 qui
1506 2286 1656 2326 Plutar-

385 2499 435 2551 ⁸⁹)
462 2502 540 2549 Quo
579 2504 652 2538 iure
686 2501 893 2538 Dunckerus
932 2501 1010 2549 (IV,
1038 2500 1127 2549 796)
1166 2503 1256 2538 inter
1289 2499 1581 2538 Lacedaemonios
1621 2506 1655 2537 et

279 2555 468 2603 Aeginetae
495 2555 689 2591 Corinthios
714 2557 852 2600 inserat,
877 2553 1036 2601 equidem
1062 2565 1131 2591 non
1158 2554 1271 2591 video.
