1844 2859
829 100 879 136 >75

157 222 301 263 fieldius
349 220 482 272 (praef.
532 219 675 269 XXIV)
714 219 936 261 scholiastae
975 216 1128 270 Πέρσαις
1166 220 1303 259 mutari
1345 219 1461 260 voluit
1499 221 1536 259 in

157 279 362 336 Περῥαιβοῐς
387 283 603 334 (dicendum
630 286 688 323 est
714 278 948 334 Περᾆιβίσιν)
962 286 1089 334 ,atque
1113 283 1214 322 inani
1238 283 1449 323 coniectura
1474 295 1537 323 vo-

158 349 329 390 cabulum
363 347 455 388 illud
484 347 696 397 fragmento
722 346 832 387 alicui
857 345 1151 387 Perrhaebidum
1179 346 1332 387 obdidit.
1387 346 1461 386 Sed
1491 357 1538 385 ne

157 413 195 453 id
222 412 371 463 quidem
397 422 587 451 sumamus
613 421 765 450 necesse
791 413 859 458 est,
887 421 1032 451 errasse
1053 410 1302 450 scholiastam.
1358 411 1537 449 Putemus

114 464 122 469 ⁷
157 477 245 517 licet
268 476 403 515 Persas
430 474 491 513 hic
515 486 583 524 pro
621 474 858 524 antiquorum
894 474 1061 525 trilogias
1098 486 1119 513 e
1154 474 1278 513 fabula
1304 474 1535 524 gravissima,

157 539 377 588 plerumque
424 537 567 584 media,
615 537 828 577 nominandi
884 538 1148 578 consuetudine
1203 538 1413 577 universam
1466 537 1538 576 dici

158 601 344 650 trilogism
372 603 484 649 atque
510 600 548 639 in
581 600 858 650 deperditarum
892 600 1101 641 fabularum
1136 601 1318 640 alterutra
1353 600 1540 640 exstitisse

158 664 376 704 vocabulum
405 662 589 712 ὑπόξυλος,
615 667 681 703 aut
706 664 743 703 in
770 663 931 713 Phineo,
962 666 1028 704 aut
1063 664 1100 703 in
1128 663 1269 703 Glauco
1296 662 1442 703 Marino
1460 661 1537 713 ¹⁸⁸).

262 727 383 766 XVII.
439 727 500 776 (V.
538 731 614 767 878
641 727 715 776 sq.)
752 727 977 768 Salaminem
1020 728 1092 767 dici
1135 739 1245 777 posse
1286 722 1389 766 τῶνδ’
1433 724 1539 765 αἰτίαν

160 795 368 842 στεναγμῶν,
409 792 491 840 quis
530 795 598 839 ost,
641 792 704 840 qui
746 791 881 840 neget?
919 789 1020 830 Nihil
1059 790 1173 840 igitur
1214 794 1287 839 est,
1325 790 1424 840 quod
1456 801 1540 829 cum

159 855 359 894 scholiasta
384 853 416 892 B
444 857 482 892 et
500 853 674 894 Schutzio
700 852 913 904 ματρόπολιν
941 862 1015 894 non
1041 854 1192 904 proprie
1220 854 1266 893 de
1289 857 1410 893 matre
1436 853 1540 894 Sala-

159 918 269 966 mine,
297 917 364 957 sed
389 917 593 968 improprie
620 917 667 957 de
694 917 777 957 avia
807 917 962 959 Athenis
988 917 1288 967 interpretemur.

268 1065 329 1115 ¹⁸⁸)
358 1069 409 1106 cf.
440 1069 558 1106 Vater.
586 1081 621 1116 p.
638 1070 713 1105 230
740 1080 817 1115 sqq.
849 1089 900 1095 —-
928 1070 984 1104 Ab
1010 1068 1190 1104 Athenaeo
1205 1067 1283 1116 (ΙΙΙ,
1310 1079 1345 1114 p.
1362 1068 1410 1104 86
1428 1067 1469 1113 Β)
1498 1079 1539 1103 ex

162 1121 327 1168 Aeschyli
341 1122 455 1158 Persis
482 1122 670 1160 afferuntur
694 1123 794 1170 νῆσοι
819 1117 1079 1171 νηριτοτρόφοι.
1135 1121 1355 1158 Hermannus
1376 1132 1435 1157 eas
1462 1125 1541 1167 post

160 1187 195 1212 v.
237 1176 311 1211 892
350 1175 509 1220 intrudit,
549 1175 785 1212 Blomfieldius
819 1174 877 1224 (ad
914 1187 947 1212 v.
986 1175 1075 1221 897)
1111 1175 1203 1221 apud
1233 1174 1451 1211 Athenaeum
1478 1185 1539 1220 pro

161 1227 337 1273 Aeschylo
364 1228 469 1264 alium
484 1233 635 1274 poetam,
655 1229 801 1265 sortasse
828 1227 1083 1274 Epicharmum,
1109 1228 1306 1274 ponendum
1335 1238 1412 1263 esse
1429 1232 1539 1274 putat.

163 1281 210 1316 At
235 1282 309 1316 sine
336 1280 441 1317 dubio
468 1285 528 1317 aut
552 1282 587 1317 in
601 1280 733 1317 Phineo
759 1280 839 1317 illue
866 1281 1061 1325 exstabant,
1086 1286 1156 1325 aut,
1183 1280 1276 1326 quod
1303 1282 1432 1315 maiore
1461 1290 1539 1315 cum

163 1334 314 1369 veritatis
339 1336 455 1380 specie
481 1330 676 1380 suspicatur
704 1334 917 1380 Droyscnius
942 1334 976 1369 in
1005 1333 1169 1380 Aeschyli
1195 1335 1354 1369 versione
1388 1332 1436 1380 (p.
1466 1334 1538 1369 273

161 1385 216 1423 ed.
245 1385 294 1433 2),
321 1388 354 1421 in
383 1386 518 1422 Glauco
545 1386 691 1423 Marino.

535 1580 1169 1616 —W—

748 1867 961 1901 MONI'I'UM.

268 2026 496 2068 Typographus
517 2026 644 2059 offensis
665 2026 725 2060 sub
747 2027 844 2060 finem
870 2026 975 2060 libelli
1002 2027 1074 2066 mei,
1097 2026 1173 2059 dum
1194 2026 1281 2068 typis
1302 2036 1375 2058 eum
1386 2027 1543 2065 exscribit,

165 2089 328 2123 nonnullis
358 2090 473 2132 signis,
504 2100 637 2132 quorum
667 2090 784 2124 formas
816 2100 872 2124 nec
905 2090 967 2123 sibi
995 2100 1062 2122 esse
1091 2099 1147 2122 nec
1167 2090 1273 2132 parari
1299 2099 1390 2131 posse
1410 2093 1543 2132 urgente

164 2156 305 2195 tempore
326 2154 531 2193 asseveravit,
553 2154 657 2195 coegit
677 2163 727 2186 me
748 2164 812 2187 non
834 2154 953 2193 solum,
985 2157 1022 2188 'it
1050 2154 1206 2187 eraderem
1238 2155 1340 2187 varias
1361 2155 1489 2188 notulas
1509 2155 1543 2187 in

163 2216 282 2249 Latina
302 2218 497 2250 Persicorum
528 2227 638 2251 vocum
665 2205 889 2259 descriptione,
919 2227 1029 2250 verum
1059 2218 1171 2256 θῒίωῐι,
1201 2220 1239 2249 ut
1266 2217 1484 2250 descenderem
1504 2218 1545 2251 ad

165 2280 319 2313 immania
339 2280 432 2322 signa
452 2280 633 2322 prosodiam
654 2283 688 2313 et
714 2281 845 2314 metrica
866 2280 910 2322 (p.
933 2281 974 2313 60
995 2291 1024 2314 v.
1047 2281 1096 2319 27,
1118 2290 1149 2321 p.
1171 2280 1212 2313 68
1232 2291 1262 2313 ν.
1286 2281 1305 2312 7
1326 2283 1360 2313 et
1380 2280 1443 2320 30),
1465 2291 1546 2323 quae

164 2344 274 2375 tamen
294 2344 393 2377 lector
412 2343 584 2377 benevolus
605 2343 692 2377 facili
713 2343 840 2385 negotio
855 2343 1027 2385 intelliget,
1050 2344 1176 2377 veniam
1191 2343 1269 2377 dans
1289 2343 1436 2377 audaciae
1457 2354 1547 2378 mese

165 2407 364 2440 necessariae.
