1844 2859
995 42 1018 78 8

316 162 489 203 mendam
522 161 679 203 offerens
694 161 738 213 ⁵).
793 162 1037 204 Athenienses
1073 176 1146 205 non
1177 165 1316 205 securis
1341 165 1472 206 animis
1497 167 1685 216 ingentem

315 227 454 275 ingenii
486 227 624 265 viribus
658 226 844 265 hominem
871 230 1087 275 prosecutos
1115 238 1196 267 esse
1222 228 1339 278 quivis
1364 227 1471 267 facile
1497 229 1683 269 concedet.

315 289 396 330 Iam
430 300 518 330 vero
545 288 748 341 Aeschylus
781 289 820 329 id
855 290 1003 340 agebat,
1040 293 1084 330 ut
1118 292 1250 331 civium
1284 292 1425 332 animos
1452 292 1685 334 confirmaret

317 353 482 393 docendo
530 364 605 392 non
652 353 882 402 singulorum
929 353 1119 393 homiuum
1156 355 1372 403 virtutibus,
1420 356 1484 394 sed
1524 357 1684 396 aeternis

318 416 477 455 consiliis
517 415 693 464 deorum,
734 416 798 465 qui
836 415 957 455 nimiis
996 417 1187 457 conatibus
1225 418 1450 466 inviderent,
1490 420 1529 457 et
1567 430 1685 469 nuper

318 479 496 520 Graeciae
521 478 730 519 libertatem
756 481 941 519 servatam
963 490 1045 520 esse
1071 483 1110 519 et
1134 481 1172 519 in
1199 484 1388 531 posterum
1414 485 1601 522 servatum
1626 483 1683 522 iri.

316 542 360 581 Id
387 542 579 592 proprium
606 546 686 581 erat
712 542 883 592 Aeschyli
909 543 1112 582 consilium.

420 605 531 645 Patet
556 617 630 645 non
656 606 802 646 licuisse
828 617 986 656 usquam
1011 606 1180 656 poeticae
1204 608 1340 647 rationi
1364 610 1543 658 praeponi
1567 620 1684 658 popu-

316 669 444 708 larem.
497 669 657 717 Egregie
691 680 779 708 vero
813 673 984 718 poetam,
1024 680 1072 708 ne
1106 680 1263 719 usquam
1297 670 1417 710 altera
1450 683 1533 710 cum
1567 671 1686 711 altera

315 734 519 783 pugnaret,
546 732 800 782 praecavisse,
828 732 1089 783 progrediente
1115 734 1423 774 commentatione
1448 738 1577 776 nostra
1601 746 1685 785 per-

316 796 485 845 spicuum
509 795 585 835 fiet.
635 796 755 843 Quam
781 797 835 834 ita
860 796 965 835 nobis
990 796 1128 845 placuit
1154 797 1358 846 instituere,
1385 800 1428 836 ut
1452 798 1612 848 primum
1637 797 1685 837 de

316 862 536 909 argumento
561 859 788 909 tragoediae,
816 859 949 899 deinde
975 860 1022 899 de
1048 860 1158 900 rebus
1183 860 1336 910 singulis
1360 873 1525 910 agamus.

644 1139 728 1192 A.
795 1140 904 1191 De
936 1142 1361 1206 argumento.

420 1269 464 1308 ln
505 1269 655 1309 exordio
695 1269 859 1319 fabulae,
910 1270 1012 1310 cuius
1057 1281 1168 1310 scena
1202 1274 1268 1323 ‚est
1306 1270 1408 1311 Susis
1448 1274 1534 1310 ante
1572 1271 1683 1311 aedes

314 1333 455 1383 regias,
497 1333 623 1383 prodit
658 1333 792 1373 chorus
828 1345 959 1373 senum
985 1334 1239 1382 Persicorum,
1276 1334 1407 1384 quibus
1433 1334 1575 1374 Xerxes
1609 1346 1685 1383 rex,

315 1408 398 1436 cum
425 1396 602 1436 adversus
631 1396 794 1441 Graecos
820 1397 1021 1437 exercitum
1056 1400 1155 1438 esset
1190 1397 1386 1446 ducturus,
1426 1399 1531 1447 regni
1566 1401 1687 1437 custo-

315 1460 415 1500 diam
455 1460 656 1500 mandavit.
710 1459 853 1501 Chorus
887 1461 1084 1501 sollicitum
1115 1472 1197 1501 sese
1230 1460 1428 1511 profitetur
1453 1461 1500 1501 de
1526 1461 1624 1511 regis
1650 1464 1688 1500 et

314 1524 496 1564 exercitus
519 1524 653 1572 reditu,
670 1524 716 1563 de
738 1525 871 1574 quibus
893 1525 966 1564 iam
989 1525 1128 1563 dudum
1146 1524 1287 1563 nullum
1309 1524 1493 1574 acceperit
1505 1524 1686 1563 nuntium.

312 1588 520 1627 Enumerat
553 1587 722 1637 ingentes
758 1588 881 1637 copias
916 1588 953 1626 in
989 1587 1125 1627 bellum
1151 1586 1353 1637 proiectas,
1382 1587 1513 1637 quibus
1540 1587 1687 1637 quidem

313 1651 481 1691 homines
507 1662 582 1690 non
608 1661 718 1701 posse
743 1651 928 1699 resistere,
956 1651 1021 1691 sed
1049 1651 1137 1691 deos
1164 1650 1271 1691 facile
1295 1650 1459 1691 invidere
1480 1651 1688 1701 suspicatur

315 1716 365 1766 (v.
398 1714 568 1764 1—157)
584 1713 628 1765 ⁶).
670 1714 764 1753 Tum
792 1726 837 1754 ex
863 1715 1015 1755 aedibus
1031 1714 1210 1765 procedit
1222 1715 1369 1763 Atossa,
1396 1714 1530 1766 Xerxis
1556 1718 1687 1763 mater,

313 1778 419 1831 Darii
440 1778 563 1827 vidua,
591 1789 675 1817 cum
697 1778 858 1826 omnino,
886 1781 966 1817 tum
980 1789 1069 1818 vero
1090 1778 1137 1818 ob
1158 1778 1348 1829 proximae
1360 1778 1478 1818 noctis
1492 1778 1686 1827 somnium,

314 1840 424 1893 quod
441 1841 517 1882 filio
530 1841 665 1882 infesta
691 1841 903 1894 portendat,
931 1842 977 1881 de
998 1842 1107 1882 rebus
1128 1841 1261 1881 futuris
1278 1841 1445 1881 sollicita.
1486 1841 1689 1892 Postquam

313 1906 498 1945 somnium
539 1905 745 1954 enarravit,
787 1905 920 1945 chorus
947 1905 1037 1945 nihil
1063 1905 1176 1945 habet
1210 1905 1350 1950 dicere,
1386 1905 1455 1944 nisi
1481 1905 1581 1955 quod
1606 1916 1688 1944 eam

314 1970 363 2009 ad
402 1969 490 2009 deos
533 1972 572 2008 et
610 1972 750 2008 terram
784 1968 1014 2019 inferosque,
1054 1969 1235 2019 imprimis
1261 1968 1415 2008 Darium
1428 1999 1437 2017 ,
1478 1980 1587 2019 quem
1621 1980 1689 2018 per

314 2033 499 2073 somnium
525 2032 681 2081 viderit,
713 2033 884 2083 precibus
911 2036 1024 2083 atque
1049 2032 1284 2072 libationibus
1310 2032 1500 2071 adeundos
1528 2032 1686 2081 delegat.

313 2098 463 2146 Atossa,
490 2097 707 2147 priusquam
743 2096 791 2135 ad
824 2096 1097 2146 exsequendum
1125 2095 1225 2135 chori
1255 2095 1446 2135 consilium
1473 2095 1602 2143 abeat,
1642 2095 1689 2134 de

419 2256 447 2307 ⁵)
475 2258 742 2304 chronologiam
780 2259 943 2304 temporis
979 2258 1076 2293 alteri
1112 2257 1203 2293 bello
1231 2257 1369 2293 Persico
1405 2260 1440 2292 et
1465 2256 1556 2292 bello
1586 2257 1689 2293 Pelo-

313 2314 521 2358 ponnesiaco
548 2313 714 2347 interiecti
740 2312 773 2346 in
802 2312 1034 2346 controversia
1052 2311 1181 2345 versari
1202 2314 1321 2345 notum
1336 2313 1399 2346 est.
1438 2309 1515 2355 Ego
1542 2310 1689 2345 eircum-

312 2366 440 2412 spectis
475 2365 579 2401 rebus
614 2374 684 2400 non
721 2363 877 2399 dubitavi
913 2365 1010 2409 sequi
1048 2364 1159 2398 virum
1199 2363 1458 2409 sagacissimum
1494 2362 1689 2408 Kriigerum

314 2415 749 2466 (bistotifdiss-pbilologifwe
777 2414 954 2464 &ubiem
999 2414 1136 2464 1837),
1178 2420 1213 2452 et
1239 2416 1506 2452 consentientem
1541 2425 1619 2450 cum
1646 2425 1688 2451 eo

314 2471 558 2517 Droysenium.

420 2520 452 2572 ⁶)
481 2524 654 2560 Versuutn
680 2533 841 2559 numeros
867 2522 973 2559 affero
999 2520 1159 2560 editionis
1186 2521 1475 2558 Hermanuianae.
