1844 2859
933 64 981 102 10

365 187 531 227 Primum
556 188 663 238 regni
698 187 930 228 custodiendi
956 186 1136 237 officium,
1166 198 1240 238 quo
1267 189 1368 239 apud
1395 199 1480 229 eum
1506 188 1640 231 chorus

259 262 390 291 senum
416 250 595 300 fungitur,
622 262 665 290 re
691 262 779 291 vera
804 250 964 291 obtinuit
980 251 1191 291 Artabanus
1206 250 1250 301 ⁸).
1291 252 1370 292 Nec
1394 263 1483 293 vero
1504 252 1640 294 mirum

260 317 318 354 ost
343 325 457 363 grave
482 314 574 353 illud
600 326 734 354 munus
760 314 807 354 ab
833 314 1015 364 Aeschylo
1052 314 1101 353 ad
1128 315 1280 354 chorum
1307 326 1389 356 esse
1414 316 1637 366 delegatum.

259 377 407 416 Etenim
422 376 637 427 Aeschylus,
665 378 724 416 cui
750 377 888 416 chorus
903 380 961 416 est
986 377 1237 425 gravissimus,
1251 377 1323 426 hic,
1350 380 1394 416 ut
1421 388 1507 417 eum
1527 389 1638 428 quam

258 440 579 480 vehementissime
605 443 733 490 posset
771 439 892 479 facere
918 439 965 478 de
990 439 1187 478 barbariae
1212 439 1424 480 calamitate
1450 440 1638 481 dolentem

259 507 372 554 atque
398 504 674 554 deplorantem,
715 515 827 553 quam
852 503 1038 542 artissime
1065 514 1150 542 eum
1178 503 1419 553 coniungeret
1443 504 1639 555 oportebat

259 578 343 606 cum
369 567 564 606 barbariae
588 567 721 606 salute.
775 565 990 615 Euripides,
1036 565 1187 615 opinor,
1215 566 1248 605 si
1274 567 1429 606 eandem
1455 578 1535 607 rem
1560 570 1638 607 tra-

258 633 409 678 ctasset,
425 629 655 669 Artabanum
682 629 904 669 auctoritate
920 640 989 668 sua
1004 629 1175 668 indutum
1193 629 1399 670 induxisset
1411 630 1638 682 chorumque

257 694 458 734 Persarum
483 693 605 732 minus
631 693 830 732 illustrium
851 693 949 731 inter
974 695 1143 732 actorum
1157 693 1323 743 dialogos
1349 694 1488 744 passim
1502 693 1637 735 flebilia

259 757 442 807 quaedam
467 759 581 806 atque
607 756 790 796 imbecilla
815 755 964 795 fecisset
988 756 1281 796 intercinentem.

362 819 525 868 Deinde,
565 819 665 869 quod
705 820 840 859 attinet
877 819 925 858 ad
965 820 1114 859 nuntios
1154 831 1178 859 a
1203 820 1327 860 Xerxe
1352 820 1448 861 Susa
1482 822 1633 871 missos,

257 884 399 923 recedit
436 884 483 922 ab
523 883 679 922 historia
705 883 921 932 Aeschylus.
975 882 1226 922 Blomfieldius
1264 883 1397 933 (praef.
1439 884 1511 933 XI)
1549 895 1634 924 eum

258 947 346 987 dicit
372 945 560 987 offendere
594 946 672 985 veri
698 945 997 995 similitudinem,
1024 956 1109 986 cum
1134 945 1287 987 chorum
1313 946 1425 987 faciat
1450 948 1633 989 dicentem

257 1012 400 1050 nullum
440 1011 487 1049 ab
523 1010 687 1049 exercitu
722 1010 893 1048 nuntium
919 1010 1015 1049 Susa
1049 1010 1260 1059 pervenisse
1286 1011 1338 1061 (v.
1369 1015 1416 1050 14
1442 1012 1530 1060 sq.).
1583 1013 1634 1051 At

257 1085 331 1113 non
366 1076 455 1113 sunt
490 1073 584 1112 adeo
609 1073 815 1123 premenda
841 1072 943 1112 chori
967 1073 1102 1112 verba:
1130 1073 1176 1112 de
1202 1073 1435 1124 Hellesponti
1460 1075 1631 1124 transitu,

257 1138 303 1177 de
342 1137 511 1176 sollemni
547 1137 729 1176 exercitus
769 1137 982 1176 recensione
1022 1137 1122 1186 apud
1157 1137 1353 1176 Doriscum
1393 1138 1520 1177 habita
1552 1138 1633 1187 ipse

257 1201 452 1240 certiorem
491 1211 532 1240 se
570 1199 709 1239 factum
749 1211 830 1239 esse
869 1200 1034 1239 declarat
1073 1200 1124 1250 (v.
1162 1203 1210 1239 66
1247 1211 1328 1250 sqq.
1342 1231 1351 1249 ,
1398 1201 1504 1251 953).
1558 1200 1632 1241 Sed

256 1264 505 1314 posteriorum
543 1275 669 1303 rerum
696 1264 845 1303 nuntios
871 1267 984 1313 poeta
1009 1274 1099 1303 sane
1125 1266 1303 1304 removet.
1356 1264 1414 1303 Ex
1440 1264 1631 1304 Herodoto

256 1328 427 1366 audimus
454 1327 503 1365 de
529 1327 660 1365 nuntio
688 1327 844 1365 Athenis
870 1327 988 1376 captis
1015 1327 1111 1366 Susa
1137 1327 1250 1366 misso
1277 1326 1397 1376 (VHI,
1427 1327 1509 1376 54).
1562 1326 1634 1374 Qui

254 1394 297 1430 ut
330 1390 377 1429 ab
404 1389 587 1440 Aeschylo
622 1392 897 1439 removeretur,
936 1390 1082 1440 poetica
1108 1389 1258 1440 quidem
1284 1389 1380 1430 ratio
1406 1401 1481 1430 non
1506 1393 1634 1441 postu-

254 1455 374 1493 labat:
412 1455 487 1493 imo
522 1465 591 1503 per
626 1465 667 1493 se
701 1454 940 1493 vehementer
974 1454 1116 1502 tragica
1151 1456 1232 1492 erat
1262 1454 1380 1493 mirae
1406 1454 1570 1492 laetitiae
1595 1454 1634 1492 in

253 1516 513 1566 gravissimum
547 1516 688 1555 luctum
724 1517 915 1556 conversio
952 1516 1065 1556 cladis
1092 1516 1222 1556 nuntio
1244 1518 1373 1566 parta,
1402 1527 1513 1566 quam
1539 1515 1634 1556 belle

254 1580 429 1621 describit
455 1579 668 1620 Herodotus
697 1580 802 1630 (ibid.
831 1584 893 1628 97,
923 1581 1016 1630 99).
1069 1582 1120 1619 At
1145 1580 1295 1620 vetabat
1320 1580 1417 1620 ratio
1443 1580 1632 1630 popularis

253 1645 428 1683 inducere
462 1644 500 1681 in
535 1643 749 1691 tragoediae
785 1644 936 1682 exordio
974 1643 1151 1682 barbaros
1189 1643 1444 1693 superbientes
1478 1642 1633 1682 Atheni-

255 1708 397 1747 ensium
426 1707 656 1746 calamitate:
697 1707 800 1746 cuius
836 1707 1017 1746 memoria
1050 1707 1173 1757 potius
1204 1709 1286 1746 erat
1311 1706 1482 1746 lenienda
1507 1705 1570 1757 (cf.
1596 1718 1630 1746 v.

254 1775 328 1810 342
356 1770 468 1820 sqq).
499 1770 660 1810 Nuntios
698 1773 795 1809 teste
821 1770 1013 1809 Herodoto
1049 1770 1153 1819 (ibid.
1185 1770 1252 1818 98)
1279 1769 1374 1809 Susa
1398 1770 1633 1819 pertulerunt

252 1834 435 1875 veredarii
468 1834 604 1885 publici
639 1845 707 1884 per
741 1834 906 1883 singulas
943 1834 1122 1873 stationes
1149 1833 1328 1883 dispositi,
1365 1831 1497 1883 quibus
1532 1833 1631 1884 apud

252 1900 386 1937 Persas
426 1909 563 1938 nomen
603 1902 685 1936 erat
723 1898 882 1946 angaris.
947 1897 1148 1946 Aeschylus
1187 1908 1231 1936 eo
1271 1907 1418 1946 quoque
1458 1899 1544 1946 apte
1584 1898 1630 1937 ab

251 1962 407 2001 historia
442 1961 601 2008 recedit,
638 1961 737 2010 quod
772 1961 941 1999 nuntium
980 1959 1068 1999 facit
1102 1971 1215 1999 unum
1251 1970 1273 1998 e
1299 1959 1432 1999 Xerxis
1467 1960 1630 1999 exercitu

252 2026 303 2075 (v.
333 2027 404 2064 261
435 2024 509 2074 sq.)
536 2035 696 2074 eumque
730 2036 804 2063 non
831 2024 1017 2063 maritimo
1052 2024 1185 2063 itinere
1211 2023 1363 2063 missum
1391 2023 1478 2073 (hoc
1503 2026 1629 2063 autem

252 2089 389 2137 quippe
415 2087 583 2126 breviore
609 2091 648 2125 et
673 2087 849 2125 celeriore
884 2087 1037 2126 missum
1072 2098 1157 2125 eum
1184 2097 1208 2124 a
1233 2089 1346 2136 poeta
1370 2085 1494 2126 induci
1519 2097 1630 2136 opor-

251 2152 368 2191 tuisse
393 2152 472 2190 veri
498 2146 747 2190 similitudinis
774 2151 896 2199 gratia
920 2150 1298 2190 ieiunior-dumtaxat
1327 2149 1438 2189 iudex
1464 2149 1627 2198 dixerit),

252 2216 318 2255 sed
344 2215 531 2255 terrestris
558 2215 700 2254 itineris
727 2215 868 2254 socium
895 2214 945 2265 (v.
974 2215 1089 2265 480),
1118 2214 1181 2265 qui
1207 2213 1306 2253 mala
1331 2224 1486 2254 narrare
1511 2213 1628 2264 possit

252 2280 376 2319 omnia
406 2278 602 2328 „facundia
626 2279 837 2328 praesenti“
867 2279 975 2329 (Hor.
1003 2279 1048 2317 A.
1074 2278 1117 2317 P.
1148 2277 1250 2326 184).

355 2342 551 2381 Postremo
579 2341 679 2390 apud
692 2341 916 2391 Aeschylum
937 2340 1080 2380 Xerxes
1106 2340 1223 2380 multo
1238 2340 1419 2380 maturius
1446 2343 1484 2379 et
1509 2339 1627 2380 multo

359 2542 388 2594 8)
416 2544 583 2582 Herodot.
612 2544 693 2590 VII,
721 2545 782 2581 52.
