<?xml version="1.0" encoding="UTF-8"?>
<!DOCTYPE html PUBLIC "-//W3C//DTD XHTML 1.0 Transitional//EN"
    "http://www.w3.org/TR/xhtml1/DTD/xhtml1-transitional.dtd">
<html xmlns="http://www.w3.org/1999/xhtml" xml:lang="en" lang="en">
 <head>
  <title>
</title>
<meta http-equiv="Content-Type" content="text/html;charset=utf-8" />
  <meta name='ocr-system' content='tesseract 3.04.00' />
  <meta name='ocr-capabilities' content='ocr_page ocr_carea ocr_par ocr_line ocrx_word'/>
</head>
<body>
  <div class='ocr_page' id='page_1' title='image "./4738086_0032.png"; bbox 0 0 1844 2859; ppageno 0'>
   <div class='ocr_carea' id='block_1_1' title="bbox 70 233 1470 1746">
    <p class='ocr_par' dir='ltr' id='par_1_1' title="bbox 70 233 1470 1746">
     <span class='ocr_line' id='line_1_1' title="bbox 92 233 1466 301; baseline -0.009 -14"><span class='ocrx_word' id='word_1_1' title='bbox 92 255 170 301; x_wconf 74' lang='lat' dir='ltr'><strong>qne</strong></span> <span class='ocrx_word' id='word_1_2' title='bbox 194 241 307 286; x_wconf 76' lang='lat' dir='ltr'><strong>simul</strong></span> <span class='ocrx_word' id='word_1_3' title='bbox 333 235 636 285; x_wconf 67' lang='lat' dir='ltr'><strong>Atheniensibus)</strong></span> <span class='ocrx_word' id='word_1_4' title='bbox 672 237 864 277; x_wconf 70' lang='lat' dir='ltr'><strong>asseverat</strong></span> <span class='ocrx_word' id='word_1_5' title='bbox 896 233 1004 287; x_wconf 66' lang='lat' dir='ltr'><strong>fore,</strong></span> <span class='ocrx_word' id='word_1_6' title='bbox 1032 238 1076 277; x_wconf 81' lang='lat' dir='ltr'><strong>nt</strong></span> <span class='ocrx_word' id='word_1_7' title='bbox 1101 235 1220 274; x_wconf 83' lang='lat' dir='ltr'><strong>omnis</strong></span> <span class='ocrx_word' id='word_1_8' title='bbox 1246 234 1404 275; x_wconf 74' lang='lat' dir='ltr'><strong>Graecia</strong></span> <span class='ocrx_word' id='word_1_9' title='bbox 1427 236 1466 274; x_wconf 88' lang='lat' dir='ltr'><strong>in</strong></span> 
     </span>
     <span class='ocr_line' id='line_1_2' title="bbox 91 298 1467 361; baseline -0.006 -16"><span class='ocrx_word' id='word_1_10' title='bbox 91 311 188 361; x_wconf 71' lang='lat' dir='ltr'><strong>rogis</strong></span> <span class='ocrx_word' id='word_1_11' title='bbox 214 306 439 359; x_wconf 69' lang='lat' dir='ltr'><strong>potestatem</strong></span> <span class='ocrx_word' id='word_1_12' title='bbox 465 299 610 343; x_wconf 72' lang='lat' dir='ltr'><strong>veniat:</strong></span> <span class='ocrx_word' id='word_1_13' title='bbox 626 319 630 324; x_wconf 60' lang='grc'><strong>«</strong></span> <span class='ocrx_word' id='word_1_14' title='bbox 645 299 746 350; x_wconf 81' lang='lat' dir='ltr'><strong>quod</strong></span> <span class='ocrx_word' id='word_1_15' title='bbox 782 309 1018 349; x_wconf 80' lang='lat' dir='ltr'><strong>nequaquam</strong></span> <span class='ocrx_word' id='word_1_16' title='bbox 1033 298 1278 348; x_wconf 76' lang='lat' dir='ltr'><strong>arrogantiae</strong></span> <span class='ocrx_word' id='word_1_17' title='bbox 1303 298 1467 338; x_wconf 79' lang='lat' dir='ltr'><strong>tribuen-</strong></span> 
     </span>
     <span class='ocr_line' id='line_1_3' title="bbox 93 362 1469 416; baseline -0.011 0"><span class='ocrx_word' id='word_1_18' title='bbox 93 376 181 416; x_wconf 81' lang='lat' dir='ltr'><strong>dum</strong></span> <span class='ocrx_word' id='word_1_19' title='bbox 201 373 261 414; x_wconf 82' lang='lat' dir='ltr'><strong>est</strong></span> <span class='ocrx_word' id='word_1_20' title='bbox 271 363 455 414; x_wconf 73' lang='lat' dir='ltr'>Aeschylo</span> <span class='ocrx_word' id='word_1_21' title='bbox 462 362 693 411; x_wconf 71' lang='lat' dir='ltr'>Atheniensi,</span> <span class='ocrx_word' id='word_1_22' title='bbox 712 363 895 412; x_wconf 82' lang='lat' dir='ltr'><strong>siquidem</strong></span> <span class='ocrx_word' id='word_1_23' title='bbox 907 362 1120 404; x_wconf 85' lang='lat' dir='ltr'><strong>Herodotus</strong></span> <span class='ocrx_word' id='word_1_24' title='bbox 1132 362 1469 402; x_wconf 78' lang='lat' dir='ltr'><strong>Halicarnassensis</strong></span> 
     </span>
     <span class='ocr_line' id='line_1_4' title="bbox 91 424 1470 487; baseline -0.011 -8"><span class='ocrx_word' id='word_1_25' title='bbox 91 439 189 479; x_wconf 83' lang='lat' dir='ltr'><strong>idem</strong></span> <span class='ocrx_word' id='word_1_26' title='bbox 214 432 410 487; x_wconf 78' lang='lat' dir='ltr'><strong>profitetur</strong></span> <span class='ocrx_word' id='word_1_27' title='bbox 428 428 544 477; x_wconf 65' lang='lat' dir='ltr'><strong>atque</strong></span> <span class='ocrx_word' id='word_1_28' title='bbox 564 425 805 477; x_wconf 75' lang='lat' dir='ltr'><strong>oomprobare</strong></span> <span class='ocrx_word' id='word_1_29' title='bbox 827 424 954 467; x_wconf 86' lang='lat' dir='ltr'><strong>studet</strong></span> <span class='ocrx_word' id='word_1_30' title='bbox 971 424 1092 476; x_wconf 77' lang='lat' dir='ltr'><strong>(vm,</strong></span> <span class='ocrx_word' id='word_1_31' title='bbox 1123 425 1226 475; x_wconf 83' lang='lat'><strong>139).</strong></span> <span class='ocrx_word' id='word_1_32' title='bbox 1265 424 1470 475; x_wconf 63' lang='lat' dir='ltr'><strong>Insequenti</strong></span> 
     </span>
     <span class='ocr_line' id='line_1_5' title="bbox 93 489 1468 543; baseline -0.012 1"><span class='ocrx_word' id='word_1_33' title='bbox 93 496 322 543; x_wconf 70' lang='lat' dir='ltr'><strong>Atossaede</strong></span> <span class='ocrx_word' id='word_1_34' title='bbox 330 490 617 533; x_wconf 62' lang='lat' dir='ltr'><strong>Atheniensium</strong></span> <span class='ocrx_word' id='word_1_35' title='bbox 628 489 870 532; x_wconf 79' lang='lat' dir='ltr'><strong>multitudine</strong></span> <span class='ocrx_word' id='word_1_36' title='bbox 880 489 1122 538; x_wconf 75' lang='lat' dir='ltr'><strong>interrogatio</strong></span> <span class='ocrx_word' id='word_1_37' title='bbox 1146 489 1294 538; x_wconf 77' lang='lat' dir='ltr'>egregie</span> <span class='ocrx_word' id='word_1_38' title='bbox 1316 489 1468 528; x_wconf 68' lang='lat' dir='ltr'><strong>demon-¹</strong></span> 
     </span>
     <span class='ocr_line' id='line_1_6' title="bbox 93 551 1469 611; baseline -0.011 -5"><span class='ocrx_word' id='word_1_39' title='bbox 93 567 206 610; x_wconf 65' lang='lat' dir='ltr'><strong>strat,</strong></span> <span class='ocrx_word' id='word_1_40' title='bbox 225 556 319 611; x_wconf 75' lang='lat' dir='ltr'><strong>quid</strong></span> <span class='ocrx_word' id='word_1_41' title='bbox 339 553 476 596; x_wconf 84' lang='lat' dir='ltr'><strong>summi</strong></span> <span class='ocrx_word' id='word_1_42' title='bbox 500 553 679 596; x_wconf 82' lang='lat' dir='ltr'><strong>momenti</strong></span> <span class='ocrx_word' id='word_1_43' title='bbox 699 563 782 596; x_wconf 67' lang='lat' dir='ltr'><strong>esse</strong></span> <span class='ocrx_word' id='word_1_44' title='bbox 801 554 936 602; x_wconf 87' lang='lat' dir='ltr'><strong>putent</strong></span> <span class='ocrx_word' id='word_1_45' title='bbox 953 551 1112 596; x_wconf 77' lang='lat' dir='ltr'><strong>barbari.</strong></span> <span class='ocrx_word' id='word_1_46' title='bbox 1152 551 1296 592; x_wconf 85' lang='lat' dir='ltr'><strong>Chorus</strong></span> <span class='ocrx_word' id='word_1_47' title='bbox 1311 552 1469 591; x_wconf 80' lang='lat' dir='ltr'><strong>Atossae</strong></span> 
     </span>
     <span class='ocr_line' id='line_1_7' title="bbox 94 616 1468 667; baseline -0.009 -1"><span class='ocrx_word' id='word_1_48' title='bbox 94 628 131 667; x_wconf 89' lang='lat' dir='ltr'><strong>in</strong></span> <span class='ocrx_word' id='word_1_49' title='bbox 165 618 379 664; x_wconf 80' lang='lat' dir='ltr'><strong>memoriam</strong></span> <span class='ocrx_word' id='word_1_50' title='bbox 414 619 579 664; x_wconf 66' lang='lat' dir='ltr'><strong>revocet.</strong></span> <span class='ocrx_word' id='word_1_51' title='bbox 592 616 872 656; x_wconf 74' lang='lat' dir='ltr'><strong>Marathoniam·</strong></span> <span class='ocrx_word' id='word_1_52' title='bbox 893 616 1034 656; x_wconf 85' lang='lat' dir='ltr'><strong>cladem</strong></span> <span class='ocrx_word' id='word_1_53' title='bbox 1047 645 1057 663; x_wconf 89' lang='lat'><strong>,</strong></span> <span class='ocrx_word' id='word_1_54' title='bbox 1075 616 1260 663; x_wconf 76' lang='lat' dir='ltr'><strong>nomine,</strong></span> <span class='ocrx_word' id='word_1_55' title='bbox 1299 618 1342 654; x_wconf 91' lang='lat' dir='ltr'><strong>ut</strong></span> <span class='ocrx_word' id='word_1_56' title='bbox 1367 618 1468 654; x_wconf 83' lang='lat' dir='ltr'><strong>reete</strong></span> 
     </span>
     <span class='ocr_line' id='line_1_8' title="bbox 94 679 1469 733; baseline -0.003 -11"><span class='ocrx_word' id='word_1_57' title='bbox 94 683 301 730; x_wconf 68' lang='lat' dir='ltr'><strong>observavit</strong></span> <span class='ocrx_word' id='word_1_58' title='bbox 337 679 550 733; x_wconf 76' lang='lat' dir='ltr'><strong>Siebelisius</strong></span> <span class='ocrx_word' id='word_1_59' title='bbox 589 680 644 730; x_wconf 84' lang='lat' dir='ltr'><strong>(p.</strong></span> <span class='ocrx_word' id='word_1_60' title='bbox 687 681 775 731; x_wconf 77' lang='lat'><strong>55),</strong></span> <span class='ocrx_word' id='word_1_61' title='bbox 824 682 1015 730; x_wconf 76' lang='lat' dir='ltr'><strong>tamquam</strong></span> <span class='ocrx_word' id='word_1_62' title='bbox 1059 679 1147 720; x_wconf 87' lang='lat' dir='ltr'><strong>mali</strong></span> <span class='ocrx_word' id='word_1_63' title='bbox 1185 679 1318 719; x_wconf 84' lang='lat' dir='ltr'><strong>ominis</strong></span> <span class='ocrx_word' id='word_1_64' title='bbox 1357 689 1469 718; x_wconf 86' lang='lat' dir='ltr'><strong>causa</strong></span> 
     </span>
     <span class='ocr_line' id='line_1_9' title="bbox 92 742 1469 801; baseline -0.006 -12"><span class='ocrx_word' id='word_1_65' title='bbox 92 746 364 801; x_wconf 70' lang='lat' dir='ltr'><strong>praetermisso.</strong></span> <span class='ocrx_word' id='word_1_66' title='bbox 407 744 551 785; x_wconf 75' lang='lat' dir='ltr'><strong>Deinde</strong></span> <span class='ocrx_word' id='word_1_67' title='bbox 564 744 724 785; x_wconf 73' lang='lat' dir='ltr'><strong>Atossae</strong></span> <span class='ocrx_word' id='word_1_68' title='bbox 748 743 797 784; x_wconf 85' lang='lat' dir='ltr'><strong>de</strong></span> <span class='ocrx_word' id='word_1_69' title='bbox 809 743 1090 790; x_wconf 75' lang='lat' dir='ltr'><strong>Atheniensium</strong></span> <span class='ocrx_word' id='word_1_70' title='bbox 1112 743 1248 783; x_wconf 89' lang='lat' dir='ltr'><strong>divitiis</strong></span> <span class='ocrx_word' id='word_1_71' title='bbox 1276 742 1469 792; x_wconf 81' lang='lat' dir='ltr'>quaerenti</span> 
     </span>
     <span class='ocr_line' id='line_1_10' title="bbox 92 805 1469 861; baseline -0.005 -10"><span class='ocrx_word' id='word_1_72' title='bbox 92 809 235 861; x_wconf 78' lang='lat' dir='ltr'>argenti</span> <span class='ocrx_word' id='word_1_73' title='bbox 272 806 426 847; x_wconf 77' lang='lat' dir='ltr'><strong>metalla</strong></span> <span class='ocrx_word' id='word_1_74' title='bbox 462 806 508 847; x_wconf 88' lang='lat' dir='ltr'><strong>iis</strong></span> <span class='ocrx_word' id='word_1_75' title='bbox 543 817 625 847; x_wconf 87' lang='lat' dir='ltr'><strong>esse</strong></span> <span class='ocrx_word' id='word_1_76' title='bbox 659 806 878 856; x_wconf 81' lang='lat' dir='ltr'><strong>respondet3</strong></span> <span class='ocrx_word' id='word_1_77' title='bbox 914 809 1002 846; x_wconf 86' lang='lat' dir='ltr'><strong>sunt</strong></span> <span class='ocrx_word' id='word_1_78' title='bbox 1026 806 1249 847; x_wconf 87' lang='lat' dir='ltr'><strong>Lauriotiea.</strong></span> <span class='ocrx_word' id='word_1_79' title='bbox 1302 805 1469 852; x_wconf 89' lang='lat' dir='ltr'><strong>Quorum</strong></span> 
     </span>
     <span class='ocr_line' id='line_1_11' title="bbox 93 868 1468 919; baseline -0.005 -4"><span class='ocrx_word' id='word_1_80' title='bbox 93 870 390 915; x_wconf 66' lang='lat' dir='ltr'><strong>commemoratio</strong></span> <span class='ocrx_word' id='word_1_81' title='bbox 425 868 608 918; x_wconf 79' lang='lat' dir='ltr'><strong>insignem</strong></span> <span class='ocrx_word' id='word_1_82' title='bbox 642 869 756 910; x_wconf 84' lang='lat' dir='ltr'><strong>habet</strong></span> <span class='ocrx_word' id='word_1_83' title='bbox 789 869 885 918; x_wconf 88' lang='lat' dir='ltr'><strong>vim,</strong></span> <span class='ocrx_word' id='word_1_84' title='bbox 926 870 1101 919; x_wconf 76' lang='lat' dir='ltr'><strong>quoniam</strong></span> <span class='ocrx_word' id='word_1_85' title='bbox 1126 870 1285 919; x_wconf 83' lang='lat' dir='ltr'><strong>pecunia</strong></span> <span class='ocrx_word' id='word_1_86' title='bbox 1300 868 1468 919; x_wconf 79' lang='lat' dir='ltr'><strong>publiea,</strong></span> 
     </span>
     <span class='ocr_line' id='line_1_12' title="bbox 94 932 1469 990; baseline -0.005 -12"><span class='ocrx_word' id='word_1_87' title='bbox 94 948 187 990; x_wconf 81' lang='lat' dir='ltr'><strong>quae</strong></span> <span class='ocrx_word' id='word_1_88' title='bbox 213 946 259 975; x_wconf 89' lang='lat' dir='ltr'><strong>ex</strong></span> <span class='ocrx_word' id='word_1_89' title='bbox 283 934 328 974; x_wconf 87' lang='lat' dir='ltr'><strong>iis</strong></span> <span class='ocrx_word' id='word_1_90' title='bbox 355 932 513 982; x_wconf 82' lang='lat' dir='ltr'><strong>redibat,</strong></span> <span class='ocrx_word' id='word_1_91' title='bbox 539 932 806 981; x_wconf 79' lang='lat' dir='ltr'><strong>(Themistocle</strong></span> <span class='ocrx_word' id='word_1_92' title='bbox 824 935 993 984; x_wconf 82' lang='lat' dir='ltr'><strong>auctore)</strong></span> <span class='ocrx_word' id='word_1_93' title='bbox 1014 932 1209 975; x_wconf 80' lang='lat' dir='ltr'><strong>aedifieata</strong></span> <span class='ocrx_word' id='word_1_94' title='bbox 1234 936 1316 973; x_wconf 84' lang='lat' dir='ltr'><strong>erat</strong></span> <span class='ocrx_word' id='word_1_95' title='bbox 1341 932 1469 972; x_wconf 84' lang='lat' dir='ltr'><strong>classis</strong></span> 
     </span>
     <span class='ocr_line' id='line_1_13' title="bbox 94 996 1468 1048; baseline -0.003 -7"><span class='ocrx_word' id='word_1_96' title='bbox 94 998 347 1046; x_wconf 76' lang='lat' dir='ltr'><strong>Atheniensis,</strong></span> <span class='ocrx_word' id='word_1_97' title='bbox 383 997 561 1047; x_wconf 81' lang='lat' dir='ltr'><strong>primaria</strong></span> <span class='ocrx_word' id='word_1_98' title='bbox 594 997 775 1038; x_wconf 83' lang='lat' dir='ltr'><strong>barbarae</strong></span> <span class='ocrx_word' id='word_1_99' title='bbox 799 997 928 1037; x_wconf 82' lang='lat' dir='ltr'><strong>classis</strong></span> <span class='ocrx_word' id='word_1_100' title='bbox 955 997 1112 1037; x_wconf 85' lang='lat' dir='ltr'><strong>deletrix</strong></span> <span class='ocrx_word' id='word_1_101' title='bbox 1125 996 1188 1048; x_wconf 82' lang='lat'><strong>⁶⁸).</strong></span> <span class='ocrx_word' id='word_1_102' title='bbox 1241 997 1300 1037; x_wconf 89' lang='lat' dir='ltr'><strong>De</strong></span> <span class='ocrx_word' id='word_1_103' title='bbox 1325 997 1468 1037; x_wconf 90' lang='lat' dir='ltr'><strong>duobus</strong></span> 
     </span>
     <span class='ocr_line' id='line_1_14' title="bbox 93 1060 1469 1112; baseline -0.001 -8"><span class='ocrx_word' id='word_1_104' title='bbox 93 1063 256 1104; x_wconf 84' lang='lat' dir='ltr'><strong>versibus</strong></span> <span class='ocrx_word' id='word_1_105' title='bbox 298 1061 537 1112; x_wconf 85' lang='lat' dir='ltr'><strong>sequentibus</strong></span> <span class='ocrx_word' id='word_1_106' title='bbox 576 1061 745 1111; x_wconf 83' lang='lat' dir='ltr'><strong>proximo</strong></span> <span class='ocrx_word' id='word_1_107' title='bbox 783 1061 866 1101; x_wconf 84' lang='lat' dir='ltr'><strong>loeo</strong></span> <span class='ocrx_word' id='word_1_108' title='bbox 903 1060 978 1100; x_wconf 79' lang='lat' dir='ltr'><strong>iam</strong></span> <span class='ocrx_word' id='word_1_109' title='bbox 1019 1061 1173 1110; x_wconf 84' lang='lat' dir='ltr'><strong>egimus.</strong></span> <span class='ocrx_word' id='word_1_110' title='bbox 1227 1061 1305 1100; x_wconf 87' lang='lat' dir='ltr'><strong>Iam</strong></span> <span class='ocrx_word' id='word_1_111' title='bbox 1333 1061 1469 1102; x_wconf 63' lang='lat' dir='ltr'><strong>Atoss-</strong></span> 
     </span>
     <span class='ocr_line' id='line_1_15' title="bbox 93 1124 1469 1177; baseline 0 -11"><span class='ocrx_word' id='word_1_112' title='bbox 93 1126 247 1177; x_wconf 87' lang='lat' dir='ltr'><strong>quaerit,</strong></span> <span class='ocrx_word' id='word_1_113' title='bbox 275 1126 335 1165; x_wconf 86' lang='lat' dir='ltr'><strong>eui</strong></span> <span class='ocrx_word' id='word_1_114' title='bbox 359 1125 439 1173; x_wconf 84' lang='lat' dir='ltr'><strong>regi</strong></span> <span class='ocrx_word' id='word_1_115' title='bbox 464 1127 623 1175; x_wconf 81' lang='lat' dir='ltr'><strong>pareant</strong></span> <span class='ocrx_word' id='word_1_116' title='bbox 647 1124 909 1173; x_wconf 84' lang='lat' dir='ltr'><strong>Athenienses3</strong></span> <span class='ocrx_word' id='word_1_117' title='bbox 943 1137 1035 1174; x_wconf 87' lang='lat' dir='ltr'><strong>quos</strong></span> <span class='ocrx_word' id='word_1_118' title='bbox 1062 1125 1124 1164; x_wconf 91' lang='lat' dir='ltr'><strong>ubi</strong></span> <span class='ocrx_word' id='word_1_119' title='bbox 1150 1125 1285 1165; x_wconf 82' lang='lat' dir='ltr'><strong>nullius</strong></span> <span class='ocrx_word' id='word_1_120' title='bbox 1311 1125 1469 1166; x_wconf 84' lang='lat' dir='ltr'><strong>hominis</strong></span> 
     </span>
     <span class='ocr_line' id='line_1_16' title="bbox 92 1188 1469 1238; baseline -0.001 -8"><span class='ocrx_word' id='word_1_121' title='bbox 92 1200 218 1230; x_wconf 84' lang='lat' dir='ltr'><strong>servos</strong></span> <span class='ocrx_word' id='word_1_122' title='bbox 253 1199 336 1228; x_wconf 86' lang='lat' dir='ltr'><strong>esse</strong></span> <span class='ocrx_word' id='word_1_123' title='bbox 370 1188 531 1228; x_wconf 82' lang='lat' dir='ltr'><strong>audivit:</strong></span> <span class='ocrx_word' id='word_1_124' title='bbox 565 1188 653 1238; x_wconf 82' lang='lat' dir='ltr'><strong>‚Qui</strong></span> <span class='ocrx_word' id='word_1_125' title='bbox 689 1188 866 1236; x_wconf 88' lang='lat' dir='ltr'><strong>tandem‘,</strong></span> <span class='ocrx_word' id='word_1_126' title='bbox 900 1188 1033 1237; x_wconf 86' lang='lat' dir='ltr'><strong>inquit,</strong></span> <span class='ocrx_word' id='word_1_127' title='bbox 1061 1189 1282 1236; x_wconf 75' lang='lat' dir='ltr'><strong>‚sustineant</strong></span> <span class='ocrx_word' id='word_1_128' title='bbox 1308 1188 1469 1228; x_wconf 79' lang='lat' dir='ltr'><strong>hostium</strong></span> 
     </span>
     <span class='ocr_line' id='line_1_17' title="bbox 92 1252 1469 1304; baseline -0.001 -11"><span class='ocrx_word' id='word_1_129' title='bbox 92 1252 309 1304; x_wconf 57' lang='lat' dir='ltr'><strong>impetum?</strong></span> <span class='ocrx_word' id='word_1_130' title='bbox 344 1252 561 1302; x_wconf 83' lang='lat' dir='ltr'><strong>Respondet</strong></span> <span class='ocrx_word' id='word_1_131' title='bbox 601 1252 751 1292; x_wconf 85' lang='lat' dir='ltr'><strong>chorus:</strong></span> <span class='ocrx_word' id='word_1_132' title='bbox 795 1252 904 1301; x_wconf 88' lang='lat' dir='ltr'><strong>‚Olim</strong></span> <span class='ocrx_word' id='word_1_133' title='bbox 939 1252 1088 1302; x_wconf 90' lang='lat' dir='ltr'><strong>quidem</strong></span> <span class='ocrx_word' id='word_1_134' title='bbox 1123 1252 1176 1291; x_wconf 90' lang='lat' dir='ltr'><strong>ita</strong></span> <span class='ocrx_word' id='word_1_135' title='bbox 1201 1252 1469 1301; x_wconf 81' lang='lat' dir='ltr'><strong>sustinuerunt,</strong></span> 
     </span>
     <span class='ocr_line' id='line_1_18' title="bbox 92 1315 1470 1366; baseline 0.001 -10"><span class='ocrx_word' id='word_1_136' title='bbox 92 1321 137 1357; x_wconf 88' lang='lat' dir='ltr'><strong>ut·</strong></span> <span class='ocrx_word' id='word_1_137' title='bbox 144 1317 250 1356; x_wconf 81' lang='lat' dir='ltr'><strong>Darii</strong></span> <span class='ocrx_word' id='word_1_138' title='bbox 264 1327 440 1365; x_wconf 86' lang='lat' dir='ltr'><strong>magnum</strong></span> <span class='ocrx_word' id='word_1_139' title='bbox 453 1315 723 1366; x_wconf 84' lang='lat' dir='ltr'><strong>pulchrumque</strong></span> <span class='ocrx_word' id='word_1_140' title='bbox 736 1315 965 1366; x_wconf 84' lang='lat' dir='ltr'><strong>perdiderint</strong></span> <span class='ocrx_word' id='word_1_141' title='bbox 986 1316 1218 1363; x_wconf 83' lang='lat' dir='ltr'><strong>exereitum‘;</strong></span> <span class='ocrx_word' id='word_1_142' title='bbox 1239 1315 1470 1357; x_wconf 85' lang='lat' dir='ltr'><strong>Marathonis</strong></span> 
     </span>
     <span class='ocr_line' id='line_1_19' title="bbox 92 1379 1468 1429; baseline 0.001 -9"><span class='ocrx_word' id='word_1_143' title='bbox 92 1391 226 1420; x_wconf 89' lang='lat' dir='ltr'><strong>nomen</strong></span> <span class='ocrx_word' id='word_1_144' title='bbox 261 1381 397 1419; x_wconf 82' lang='lat' dir='ltr'><strong>iterum</strong></span> <span class='ocrx_word' id='word_1_145' title='bbox 432 1380 579 1420; x_wconf 87' lang='lat' dir='ltr'><strong>silentio</strong></span> <span class='ocrx_word' id='word_1_146' title='bbox 615 1380 762 1429; x_wconf 88' lang='lat' dir='ltr'><strong>premit.</strong></span> <span class='ocrx_word' id='word_1_147' title='bbox 816 1379 874 1419; x_wconf 92' lang='lat' dir='ltr'><strong>De</strong></span> <span class='ocrx_word' id='word_1_148' title='bbox 907 1383 987 1419; x_wconf 82' lang='lat' dir='ltr'><strong>toto</strong></span> <span class='ocrx_word' id='word_1_149' title='bbox 1022 1380 1104 1420; x_wconf 90' lang='lat' dir='ltr'><strong>loco</strong></span> <span class='ocrx_word' id='word_1_150' title='bbox 1129 1383 1231 1420; x_wconf 86' lang='lat' dir='ltr'><strong>recte</strong></span> <span class='ocrx_word' id='word_1_151' title='bbox 1257 1380 1468 1421; x_wconf 88' lang='lat' dir='ltr'><strong>Siebelisius</strong></span> 
     </span>
     <span class='ocr_line' id='line_1_20' title="bbox 92 1442 1468 1494; baseline -0.001 -11"><span class='ocrx_word' id='word_1_152' title='bbox 92 1444 132 1494; x_wconf 95' lang='lat' dir='ltr'><strong>(l.</strong></span> <span class='ocrx_word' id='word_1_153' title='bbox 176 1444 220 1494; x_wconf 88' lang='lat'><strong>1.)</strong></span> <span class='ocrx_word' id='word_1_154' title='bbox 271 1443 481 1483; x_wconf 79' lang='lat' dir='ltr'><strong>observavit</strong></span> <span class='ocrx_word' id='word_1_155' title='bbox 526 1442 638 1483; x_wconf 82' lang='lat' dir='ltr'><strong>haec:</strong></span> <span class='ocrx_word' id='word_1_156' title='bbox 687 1442 764 1492; x_wconf 86' lang='lat' dir='ltr'><strong>„Ut</strong></span> <span class='ocrx_word' id='word_1_157' title='bbox 802 1444 962 1483; x_wconf 83' lang='lat' dir='ltr'><strong>Atossae</strong></span> <span class='ocrx_word' id='word_1_158' title='bbox 1010 1443 1245 1492; x_wconf 66' lang='lat' dir='ltr'><strong>quaestiones</strong></span> <span class='ocrx_word' id='word_1_159' title='bbox 1295 1455 1340 1482; x_wconf 88' lang='lat' dir='ltr'><strong>ex</strong></span> <span class='ocrx_word' id='word_1_160' title='bbox 1387 1444 1468 1493; x_wconf 87' lang='lat' dir='ltr'><strong>ipsa</strong></span> 
     </span>
     <span class='ocr_line' id='line_1_21' title="bbox 70 1498 1467 1555; baseline 0.001 -11"><span class='ocrx_word' id='word_1_161' title='bbox 70 1498 254 1546; x_wconf 64' lang='lat' dir='ltr'><strong>&gt;fluebant</strong></span> <span class='ocrx_word' id='word_1_162' title='bbox 294 1506 408 1545; x_wconf 88' lang='lat' dir='ltr'><strong>animi</strong></span> <span class='ocrx_word' id='word_1_163' title='bbox 447 1506 525 1545; x_wconf 88' lang='lat' dir='ltr'><strong>eius</strong></span> <span class='ocrx_word' id='word_1_164' title='bbox 564 1506 829 1554; x_wconf 82' lang='lat' dir='ltr'><strong>sollieitudine,</strong></span> <span class='ocrx_word' id='word_1_165' title='bbox 868 1507 922 1545; x_wconf 89' lang='lat' dir='ltr'><strong>sic</strong></span> <span class='ocrx_word' id='word_1_166' title='bbox 955 1506 1003 1545; x_wconf 83' lang='lat' dir='ltr'><strong>ad</strong></span> <span class='ocrx_word' id='word_1_167' title='bbox 1042 1509 1123 1545; x_wconf 84' lang='lat' dir='ltr'><strong>eam</strong></span> <span class='ocrx_word' id='word_1_168' title='bbox 1150 1507 1378 1555; x_wconf 85' lang='lat' dir='ltr'><strong>augendam,</strong></span> <span class='ocrx_word' id='word_1_169' title='bbox 1417 1508 1467 1546; x_wconf 88' lang='lat' dir='ltr'><strong>ad</strong></span> 
     </span>
     <span class='ocr_line' id='line_1_22' title="bbox 91 1568 1467 1620; baseline 0 -11"><span class='ocrx_word' id='word_1_170' title='bbox 91 1569 210 1610; x_wconf 89' lang='lat' dir='ltr'><strong>nuntii</strong></span> <span class='ocrx_word' id='word_1_171' title='bbox 236 1569 550 1620; x_wconf 84' lang='lat' dir='ltr'><strong>exspectationem</strong></span> <span class='ocrx_word' id='word_1_172' title='bbox 577 1568 624 1608; x_wconf 90' lang='lat' dir='ltr'><strong>de</strong></span> <span class='ocrx_word' id='word_1_173' title='bbox 649 1568 800 1609; x_wconf 86' lang='lat' dir='ltr'><strong>fortuna</strong></span> <span class='ocrx_word' id='word_1_174' title='bbox 825 1568 958 1608; x_wconf 85' lang='lat' dir='ltr'><strong>Xerxis</strong></span> <span class='ocrx_word' id='word_1_175' title='bbox 993 1569 1197 1610; x_wconf 86' lang='lat' dir='ltr'><strong>acuendam</strong></span> <span class='ocrx_word' id='word_1_176' title='bbox 1222 1570 1393 1619; x_wconf 83' lang='lat' dir='ltr'><strong>viamque</strong></span> <span class='ocrx_word' id='word_1_177' title='bbox 1417 1570 1467 1609; x_wconf 87' lang='lat' dir='ltr'><strong>ad</strong></span> 
     </span>
     <span class='ocr_line' id='line_1_23' title="bbox 91 1633 1467 1682; baseline 0.001 -11"><span class='ocrx_word' id='word_1_178' title='bbox 91 1633 334 1672; x_wconf 88' lang='lat' dir='ltr'><strong>mutationem</strong></span> <span class='ocrx_word' id='word_1_179' title='bbox 372 1643 499 1671; x_wconf 88' lang='lat' dir='ltr'><strong>rerum</strong></span> <span class='ocrx_word' id='word_1_180' title='bbox 524 1633 783 1680; x_wconf 86' lang='lat' dir='ltr'><strong>muniendam,</strong></span> <span class='ocrx_word' id='word_1_181' title='bbox 822 1653 869 1663; x_wconf 56' lang='grc' dir='ltr'><strong>ν·</strong></span> <span class='ocrx_word' id='word_1_182' title='bbox 901 1655 953 1661; x_wconf 92' lang='grc'><strong>-</strong></span> <span class='ocrx_word' id='word_1_183' title='bbox 981 1655 1043 1681; x_wconf 91' lang='lat'><strong>-‚</strong></span> <span class='ocrx_word' id='word_1_184' title='bbox 1080 1634 1239 1682; x_wconf 89' lang='lat' dir='ltr'><strong>denique</strong></span> <span class='ocrx_word' id='word_1_185' title='bbox 1265 1634 1313 1672; x_wconf 89' lang='lat' dir='ltr'><strong>ad</strong></span> <span class='ocrx_word' id='word_1_186' title='bbox 1338 1634 1467 1674; x_wconf 79' lang='lat' dir='ltr'><strong>laudes</strong></span> 
     </span>
     <span class='ocr_line' id='line_1_24' title="bbox 92 1695 1465 1746; baseline 0 -11"><span class='ocrx_word' id='word_1_187' title='bbox 92 1695 370 1736; x_wconf 86' lang='lat' dir='ltr'><strong>Atheniensium</strong></span> <span class='ocrx_word' id='word_1_188' title='bbox 406 1698 447 1735; x_wconf 90' lang='lat' dir='ltr'><strong>et</strong></span> <span class='ocrx_word' id='word_1_189' title='bbox 471 1695 755 1736; x_wconf 87' lang='lat' dir='ltr'><strong>oblectationem</strong></span> <span class='ocrx_word' id='word_1_190' title='bbox 783 1706 894 1745; x_wconf 86' lang='lat' dir='ltr'><strong>quam</strong></span> <span class='ocrx_word' id='word_1_191' title='bbox 921 1697 1080 1735; x_wconf 85' lang='lat' dir='ltr'><strong>maxime</strong></span> <span class='ocrx_word' id='word_1_192' title='bbox 1107 1700 1214 1735; x_wconf 89' lang='lat' dir='ltr'><strong>erant</strong></span> <span class='ocrx_word' id='word_1_193' title='bbox 1240 1697 1465 1746; x_wconf 85' lang='lat' dir='ltr'><strong>compositae</strong></span> 
     </span>
    </p>
   </div>
   <div class='ocr_carea' id='block_1_2' title="bbox 91 1759 511 1811">
    <p class='ocr_par' dir='ltr' id='par_1_2' title="bbox 91 1759 511 1811">
     <span class='ocr_line' id='line_1_25' title="bbox 91 1759 511 1811; baseline 0 -12"><span class='ocrx_word' id='word_1_194' title='bbox 91 1759 191 1800; x_wconf 86' lang='lat' dir='ltr'><strong>chori</strong></span> <span class='ocrx_word' id='word_1_195' title='bbox 215 1760 511 1811; x_wconf 86' lang='lat' dir='ltr'><strong>responsiones“.</strong></span> 
     </span>
    </p>
   </div>
   <div class='ocr_carea' id='block_1_3' title="bbox 291 2010 1277 2071">
    <p class='ocr_par' dir='ltr' id='par_1_3' title="bbox 291 2010 1277 2071">
     <span class='ocr_line' id='line_1_26' title="bbox 291 2010 1277 2071; baseline 0.003 -11"><span class='ocrx_word' id='word_1_196' title='bbox 291 2010 335 2061; x_wconf 83' lang='lat' dir='ltr'><strong>V.</strong></span> <span class='ocrx_word' id='word_1_197' title='bbox 400 2011 458 2060; x_wconf 74' lang='lat' dir='ltr'><strong>Be</strong></span> <span class='ocrx_word' id='word_1_198' title='bbox 489 2011 699 2071; x_wconf 72' lang='lat' dir='ltr'><strong>gravibus</strong></span> <span class='ocrx_word' id='word_1_199' title='bbox 730 2012 908 2062; x_wconf 76' lang='lat' dir='ltr'><strong>vocibus</strong></span> <span class='ocrx_word' id='word_1_200' title='bbox 939 2025 982 2062; x_wconf 84' lang='lat' dir='ltr'><strong>v.</strong></span> <span class='ocrx_word' id='word_1_201' title='bbox 1014 2013 1277 2063; x_wconf 73' lang='lat'><strong>279-284.</strong></span> 
     </span>
    </p>
   </div>
   <div class='ocr_carea' id='block_1_4' title="bbox 87 2137 1465 2445">
    <p class='ocr_par' dir='ltr' id='par_1_4' title="bbox 87 2137 1465 2445">
     <span class='ocr_line' id='line_1_27' title="bbox 190 2137 1465 2191; baseline 0.002 -13"><span class='ocrx_word' id='word_1_202' title='bbox 190 2137 296 2178; x_wconf 87' lang='lat' dir='ltr'><strong>Inter</strong></span> <span class='ocrx_word' id='word_1_203' title='bbox 330 2139 509 2190; x_wconf 83' lang='lat' dir='ltr'><strong>abruptos</strong></span> <span class='ocrx_word' id='word_1_204' title='bbox 544 2139 665 2180; x_wconf 89' lang='lat' dir='ltr'><strong>nuntii</strong></span> <span class='ocrx_word' id='word_1_205' title='bbox 691 2140 869 2180; x_wconf 79' lang='lat' dir='ltr'><strong>clamores</strong></span> <span class='ocrx_word' id='word_1_206' title='bbox 896 2141 1075 2191; x_wconf 84' lang='lat' dir='ltr'><strong>insignem</strong></span> <span class='ocrx_word' id='word_1_207' title='bbox 1104 2142 1176 2181; x_wconf 87' lang='lat' dir='ltr'><strong>vim</strong></span> <span class='ocrx_word' id='word_1_208' title='bbox 1205 2141 1341 2181; x_wconf 88' lang='lat' dir='ltr'><strong>habere</strong></span> <span class='ocrx_word' id='word_1_209' title='bbox 1367 2141 1465 2181; x_wconf 91' lang='lat' dir='ltr'><strong>hunc</strong></span> 
     </span>
     <span class='ocr_line' id='line_1_28' title="bbox 88 2196 1464 2254; baseline 0.006 -16"><span class='ocrx_word' id='word_1_210' title='bbox 88 2196 118 2236; x_wconf 78' lang='grc' dir='ltr'>ὦ</span> <span class='ocrx_word' id='word_1_211' title='bbox 156 2202 314 2240; x_wconf 79' lang='grc' dir='ltr'><strong>πλεῖστον</strong></span> <span class='ocrx_word' id='word_1_212' title='bbox 354 2201 464 2252; x_wconf 78' lang='grc' dir='ltr'><strong>ἔχθος</strong></span> <span class='ocrx_word' id='word_1_213' title='bbox 503 2202 612 2253; x_wconf 81' lang='grc' dir='ltr'>ὄνομα</span> <span class='ocrx_word' id='word_1_214' title='bbox 650 2205 844 2253; x_wconf 84' lang='grc' dir='ltr'>Σαλαμῖνος</span> <span class='ocrx_word' id='word_1_215' title='bbox 882 2204 993 2242; x_wconf 83' lang='grc' dir='ltr'>κλύειν</span> <span class='ocrx_word' id='word_1_216' title='bbox 1038 2207 1088 2254; x_wconf 64' lang='grc' dir='ltr'><strong>(ν,</strong></span> <span class='ocrx_word' id='word_1_217' title='bbox 1131 2208 1224 2254; x_wconf 87' lang='grc'>279)</span> <span class='ocrx_word' id='word_1_218' title='bbox 1263 2206 1464 2246; x_wconf 78' lang='lat' dir='ltr'><strong>Suvernius</strong></span> 
     </span>
     <span class='ocr_line' id='line_1_29' title="bbox 88 2263 1464 2318; baseline 0.005 -17"><span class='ocrx_word' id='word_1_219' title='bbox 88 2263 349 2305; x_wconf 87' lang='lat' dir='ltr'><strong>animadvertit</strong></span> <span class='ocrx_word' id='word_1_220' title='bbox 375 2267 428 2317; x_wconf 94' lang='lat' dir='ltr'><strong>(p.</strong></span> <span class='ocrx_word' id='word_1_221' title='bbox 457 2270 481 2306; x_wconf 92' lang='lat'>4</span> <span class='ocrx_word' id='word_1_222' title='bbox 508 2266 620 2317; x_wconf 87' lang='lat' dir='ltr'><strong>sqq.).</strong></span> <span class='ocrx_word' id='word_1_223' title='bbox 673 2266 845 2307; x_wconf 86' lang='lat' dir='ltr'><strong>Profecto</strong></span> <span class='ocrx_word' id='word_1_224' title='bbox 879 2278 952 2308; x_wconf 89' lang='lat' dir='ltr'><strong>non</strong></span> <span class='ocrx_word' id='word_1_225' title='bbox 979 2269 1101 2318; x_wconf 88' lang='lat' dir='ltr'><strong>potuit</strong></span> <span class='ocrx_word' id='word_1_226' title='bbox 1126 2269 1157 2308; x_wconf 86' lang='lat' dir='ltr'><strong>is</strong></span> <span class='ocrx_word' id='word_1_227' title='bbox 1183 2269 1323 2308; x_wconf 87' lang='lat' dir='ltr'><strong>elamor</strong></span> <span class='ocrx_word' id='word_1_228' title='bbox 1348 2269 1464 2308; x_wconf 88' lang='lat' dir='ltr'><strong>Athe-</strong></span> 
     </span>
     <span class='ocr_line' id='line_1_30' title="bbox 87 2326 1462 2383; baseline 0.005 -17"><span class='ocrx_word' id='word_1_229' title='bbox 87 2326 275 2369; x_wconf 87' lang='lat' dir='ltr'><strong>niensibus</strong></span> <span class='ocrx_word' id='word_1_230' title='bbox 314 2341 389 2370; x_wconf 86' lang='lat' dir='ltr'><strong>non</strong></span> <span class='ocrx_word' id='word_1_231' title='bbox 423 2330 462 2370; x_wconf 92' lang='lat' dir='ltr'><strong>in</strong></span> <span class='ocrx_word' id='word_1_232' title='bbox 495 2331 711 2371; x_wconf 88' lang='lat' dir='ltr'><strong>memoriam</strong></span> <span class='ocrx_word' id='word_1_233' title='bbox 736 2342 911 2371; x_wconf 65' lang='lat' dir='ltr'><strong>revocare</strong></span> <span class='ocrx_word' id='word_1_234' title='bbox 936 2331 1095 2372; x_wconf 86' lang='lat' dir='ltr'><strong>alterum</strong></span> <span class='ocrx_word' id='word_1_235' title='bbox 1122 2333 1311 2373; x_wconf 85' lang='lat' dir='ltr'><strong>oraculum</strong></span> <span class='ocrx_word' id='word_1_236' title='bbox 1337 2333 1462 2383; x_wconf 86' lang='lat' dir='ltr'><strong>paullo</strong></span> 
     </span>
     <span class='ocr_line' id='line_1_31' title="bbox 87 2392 1462 2445; baseline 0.005 -16"><span class='ocrx_word' id='word_1_237' title='bbox 87 2393 175 2431; x_wconf 85' lang='lat' dir='ltr'><strong>ante</strong></span> <span class='ocrx_word' id='word_1_238' title='bbox 199 2392 335 2432; x_wconf 90' lang='lat' dir='ltr'><strong>bellum</strong></span> <span class='ocrx_word' id='word_1_239' title='bbox 371 2394 416 2433; x_wconf 87' lang='lat' dir='ltr'><strong>iis</strong></span> <span class='ocrx_word' id='word_1_240' title='bbox 453 2394 581 2434; x_wconf 89' lang='lat' dir='ltr'><strong>datum</strong></span> <span class='ocrx_word' id='word_1_241' title='bbox 618 2395 770 2445; x_wconf 86' lang='lat' dir='ltr'><strong>eiusque</strong></span> <span class='ocrx_word' id='word_1_242' title='bbox 795 2395 1139 2445; x_wconf 86' lang='lat' dir='ltr'><strong>interpretationem</strong></span> <span class='ocrx_word' id='word_1_243' title='bbox 1166 2407 1189 2435; x_wconf 88' lang='lat' dir='ltr'><strong>a</strong></span> <span class='ocrx_word' id='word_1_244' title='bbox 1215 2395 1462 2436; x_wconf 82' lang='lat' dir='ltr'><strong>Themistocle</strong></span> 
     </span>
    </p>
   </div>
   <div class='ocr_carea' id='block_1_5' title="bbox 193 2593 1041 2645">
    <p class='ocr_par' dir='ltr' id='par_1_5' title="bbox 193 2593 1041 2645">
     <span class='ocr_line' id='line_1_32' title="bbox 193 2593 1041 2645; baseline 0.002 -13"><span class='ocrx_word' id='word_1_245' title='bbox 193 2593 238 2644; x_wconf 77' lang='lat'><strong>⁵⁸)</strong></span> <span class='ocrx_word' id='word_1_246' title='bbox 266 2597 349 2634; x_wconf 86' lang='lat' dir='ltr'><strong>Her.</strong></span> <span class='ocrx_word' id='word_1_247' title='bbox 379 2598 458 2643; x_wconf 84' lang='lat' dir='ltr'><strong>vn,</strong></span> <span class='ocrx_word' id='word_1_248' title='bbox 490 2600 580 2643; x_wconf 78' lang='lat'><strong>1443</strong></span> <span class='ocrx_word' id='word_1_249' title='bbox 609 2598 711 2635; x_wconf 84' lang='lat' dir='ltr'><strong>corn.</strong></span> <span class='ocrx_word' id='word_1_250' title='bbox 738 2599 826 2645; x_wconf 86' lang='lat' dir='ltr'><strong>Nep.</strong></span> <span class='ocrx_word' id='word_1_251' title='bbox 854 2599 977 2635; x_wconf 87' lang='lat' dir='ltr'><strong>Them.</strong></span> <span class='ocrx_word' id='word_1_252' title='bbox 1007 2602 1041 2635; x_wconf 84' lang='lat'><strong>2.</strong></span> 
     </span>
    </p>
   </div>
  </div>
 </body>
</html>
