1844 2859
838 96 890 137 41'

179 230 277 270 tibus
324 227 506 267 vetantur
520 221 603 271 ιι’);
654 220 808 261 tandm
843 231 933 261 vero
972 230 1046 260 uno
1084 220 1225 270 impetu
1263 218 1469 258 ascendunt
1485 217 1549 267 ⁸¹³)

179 295 291 343 atque
307 290 379 331 ad
388 291 503 328 unum
529 295 657 325 omnes
681 284 879 324 concidunt
888 283 970 333 ¹¹⁴)

283 354 364 394 Iam
385 351 598 395 videamus
634 358 701 388 cur
725 351 838 398 poeta
862 347 1033 387 nuntium
1058 327 1170 386 faciat
1196 345 1377 384 dicentem
1404 343 1550 394 Psytta-

180 421 346 459 leensem
365 413 615 455 calamitatem
649 411 766 461 duplo
793 412 970 450 maiorem
997 420 1092 449 esse
1103 410 1300 448 maritima.
1354 408 1549 447 Passovius

180 484 329 534 poetam
364 478 405 517 id
441 477 632 526 spectasse
672 475 833 523 censuit,
872 478 916 513 ut
942 473 1113 512 Aristidis
1149 472 1283 511 merita
1320 470 1551 520 praedicaret

181 548 329 596 praeter
360 539 658 579 Themistoclem.
712 539 816 586 Quae
854 543 981 578 tamen
1020 537 1205 577 sententia
1242 535 1431 584 indignam
1470 544 1549 572 rem

181 609 313 660 poetae
338 604 498 653 ingenuo
522 601 719 642 subiiciens
756 602 836 641 iure
861 605 920 641 est
945 601 1107 651 explosa.
1160 599 1342 649 Equidem
1368 597 1551 637 assentior

182 671 330 715 Vatero,
357 667 422 716 qui
446 667 501 706 rei
514 667 757 717 Psyttaleensi
783 678 808 706 a
831 670 944 716 poeta
956 664 1238 705 summam-vim
1263 662 1453 702 tributam>
1468 671 1550 700 esse

181 731 269 770 dicit
297 740 393 779 „non
421 722 592 769 Aristidis
619 739 740 777 causa,
783 729 849 768 sed
876 731 1044 768 Atossae.
1097 727 1226 766 Solent
1251 727 1347 764 enim
1373 725 1550 763 barbaro-

179 805 262 833 rum
287 801 394 842 reges
420 793 528 833 unius
554 792 662 833 atniei
688 795 846 832 mortem
872 792 1021 842 gravius
1040 790 1149 839 ferre,
1178 798 1287 840 quam
1310 788 1436 827 decem
1449 786 1550 826 milia

180 856 337 894 militum
372 856 557 894 trucidata
590 857 658 894 sibi
692 857 915 904 ignotorum.
970 854 1062 893 cnm
1096 854 1210 901 igitur
1245 854 1282 890 in
1308 851 1430 889 insula
1454 850 1548 887 tales

180 918 312 959 Persas
338 916 556 958 collocasset
581 929 657 967 rex,
685 918 816 969 quibus
843 918 922 969 ipse
948 916 1121 956 utebatur
1147 913 1439 960 familiarissime,
1475 922 1548 950 non

180 983 313 1021 minim
340 985 397 1021 est
422 982 511 1031 fingi
537 993 622 1021 eum
648 983 718 1021 hac
745 983 848 1022 clade
869 982 987 1031 magis
1006 982 1163 1028 trsstem,
1191 990 1301 1028 quam
1327 981 1409 1017 tota
1433 976 1549 1016 classe

183 1045 228 1085 ab
254 1043 362 1085 hoste
387 1045 507 1085 victa“
538 1045 590 1096 (p.
620 1045 724 1096 245).
779 1044 941 1094 Deinde,
968 1047 1010 1084 ut
1036 1044 1130 1083 bene
1155 1041 1364 1082 observavit
1390 1039 1550 1078 Vaterus

181 1111 233 1158 (p.
259 1110 346 1159 sq),
375 1110 473 1159 quod
512 1122 587 1150 non
614 1111 756 1150 Xerxes
783 1114 848 1149 aut
876 1111 1012 1150 Atossa
1036 1112 1114 1156 est,
1155 1108 1220 1147 sed
1259 1105 1441 1146 inferioris
1480 1103 1550 1144 loci

179 1171 310 1220 homo,
329 1173 392 1221 qui
417 1173 568 1211 nimium
597 1173 767 1222 deploret
793 1173 925 1211 nobilis
953 1182 1084 1210 nianus
1110 1172 1272 1217 caedem,
1300 1169 1391 1207 nihil
1415 1167 1548 1205 refert:

183 1235 326 1283 „solent
371 1236 494 1275 enim“
507 1267 516 1284 ,
557 1237 692 1286 inquit,
735 1237 855 1286 „servi
894 1225 1001 1276 suum
1039 1245 1189 1275 sensum
1230 1233 1277 1272 ad
1317 1231 1549 1271 dominorum

180 1297 360 1337 rationem
399 1299 586 1349 cogitandi
624 1310 863 1349 componere,
914 1309 1069 1348 cumque
1116 1297 1340 1344 intelligeret
1378 1294 1548 1340 nuntius,

181 1362 340 1401 Xerxem
381 1363 529 1412 gravius
568 1363 697 1403 tulisse
735 1363 919 1414 principes
958 1362 1039 1402 illos
1081 1372 1227 1409 caesos,
1268 1369 1380 1409 quam
1414 1357 1549 1397 victam

181 1425 346 1473 classem,
372 1427 452 1475 ipse
477 1438 625 1476 quoque
651 1428 808 1465 alterum
834 1427 906 1466 hoc
931 1426 1070 1465 malum
1094 1425 1205 1474 duplo
1227 1423 1346 1461 maius
1367 1421 1546 1460 vocavit.“

180 1489 279 1529 Fieri
290 1500 364 1529 non
390 1490 523 1539 potuit,
551 1488 639 1540 quin
654 1490 787 1531 Graeci
800 1490 971 1531 servilem
993 1489 1112 1529 nuntii
1132 1497 1340 1528 sermonem
1358 1484 1551 1524 audientes

178 1552 415 1600 ingenuitatis
449 1554 673 1592 conscientia
710 1553 942 1593 efferrentur.
970 1576 1021 1582 -
1048 1553 1155 1599 Quod
1190 1551 1325 1589 attinet
1360 1549 1408 1587 ad
1444 1559 1551 1587 accu-

179 1617 298 1654 ratam
339 1615 393 1654 rei
433 1616 735 1667 descriptionem,
776 1627 927 1657 necesse
964 1620 1028 1656 est‘
1046 1615 1237 1663 nuntium,
1278 1613 1378 1663 quod
1417 1611 1551 1651 summi

178 1677 289 1716 faciat
313 1680 502 1727 momenti,
515 1681 663 1719 uberius
690 1689 908 1730 proponere.
949 1681 1160 1726 Praeterea,
1190 1689 1273 1717 cum
1287 1678 1333 1716 ab
1353 1676 1552 1715 Athenien-

178 1740 278 1779 sibus
312 1752 372 1781 res
407 1746 513 1792 gesta
547 1744 615 1792 sit,
656 1744 737 1793 quis
771 1744 927 1783 miretur
961 1743 1176 1793 exquisitius
1211 1750 1293 1780 eam
1327 1738 1503 1778 illustrari
1528 1749 1551 1775 a

286 1889 347 1937 ¹¹²)
374 1894 463 1929 Vide
488 1898 607 1930 notam
633 1894 772 1931 XVIII.

285 1944 350 1994 ¹²³)
378 1944 466 1982 Vide
492 1951 609 1983 notam
636 1947 742 1984 XIX.

286 1996 352 2047 ¹¹4)
379 1999 584 2034 Plutarchus
598 2005 809 2045 repugnante
837 2004 871 2035 et
886 2000 1059 2046 Aeschylo
1088 2006 1122 2035 et
1137 2000 1315 2035 Herodoto
1342 2011 1409 2034 non
1433 2010 1551 2034 omnes

178 2051 365 2088 trucidatos
392 2063 467 2088 esse
498 2053 606 2097 refert,
634 2054 705 2099 sed,
727 2064 873 2100 quorum
901 2055 1048 2089 maxime
1075 2053 1230 2099 deplorat
1258 2052 1397 2088 caedem
1413 2053 1550 2087 nuntius

180 2106 412 2151 Aeschffleus,
438 2108 571 2151 generis
598 2106 762 2151 dignitate
789 2109 991 2152 conspicuos
1019 2107 1114 2150 dico,
1141 2118 1200 2142 eos
1228 2117 1303 2142 esse
1329 2111 1503 2150 servatos3
1531 2116 1550 2140 e

178 2158 303 2203 quibus
330 2163 398 2193 tres
423 2157 551 2193 Xerxis
578 2161 703 2194 sororis
730 2157 818 2194 finos
845 2162 967 2194 missos
995 2168 1070 2194 esse
1105 2159 1150 2192 ad
1177 2158 1443 2193 Themistoclem
1472 2168 1548 2192 eum

178 2212 324 2246 maxime
359 2211 563 2260 sacrificium
598 2212 777 2247 facientem
813 2217 893 2248 ante
919 2223 1070 2258 pugnam
1097 2213 1141 2246 ab
1170 2222 1279 2256 eoque
1308 2210 1550 2256 Euphrantidis

178 2264 267 2297 vatis
292 2265 387 2298 iussu
417 2264 570 2309 Dionyso
596 2265 714 2308 ,cruda
753 2275 856 2300 carne
883 2266 1043 2300 vescenti·
1069 2264 1264 2300 immolatos
1289 2265 1326 2308 (l.
1355 2265 1397 2309 Ι.;
1425 2263 1548 2298 Them.

182 2314 257 2363 13).
313 2316 429 2361 Atque
463 2316 529 2352 hoc
556 2316 723 2362 quidem,
748 2326 958 2362 quamquam
986 2316 1190 2352 Plutarchus
1217 2327 1237 2351 e
1265 2317 1398 2351 Phania
1423 2316 1549 2351 Lesbio

178 2367 303 2413 hausit,
326 2379 429 2414 quem
457 2368 538 2405 dicit
563 2370 760 2414 ,litterarum
787 2380 855 2405 non
881 2370 1002 2405 rudem
1028 2369 1287 2414 historicarum‘,
1309 2374 1425 2405 tamen
1452 2379 1549 2404 com-

178 2422 374 2458 menticium
401 2430 477 2457 esse
502 2423 571 2457 iam
607 2422 686 2457 inde
720 2427 874 2468 apparet,
900 2422 994 2468 quod
1021 2428 1166 2458 exeunte
1194 2423 1331 2458 demum
1358 2433 1485 2468 pugna,
1512 2428 1549 2456 ut

177 2482 283 2518 supra
310 2470 467 2518 vidimus,
481 2473 647 2509 Aristides
672 2475 706 2509 in
719 2474 927 2520 praesidium
941 2473 1138 2521 Psyttaleae
1153 2475 1357 2510 collocatum
1384 2476 1546 2519 impetum

176 2525 267 2562 feeit.
322 2526 479 2574 Denique
507 2528 644 2563 omnino
671 2527 766 2564 nulla
790 2533 841 2564 est
863 2528 1016 2564 Phaniae
1043 2529 1229 2564 auctoritas
1251 2539 1333 2574 prae
1360 2529 1547 2565 coniunctis

178 2578 341 2625 Aeschyli
368 2584 403 2615 et
428 2579 596 2617 Herodoti
621 2583 834 2619 testimoniis.
859 2585 861 2588 '
887 2580 1000 2629 (Grot.
1027 2582 1102 2627 111,
1124 2581 1194 2617 104
1223 2593 1255 2618 n.
1284 2579 1359 2629 57).
