1844 2859
794 119 870 158 ,12

184 265 197 269 --
260 251 322 287 14.-
342 241 575 296 Μιτροταῢής
597 243 652 291 (v.
674 242 760 291 44).

262 313 322 350 15.
344 304 494 359 Ἀρκεὺς
511 304 561 355 ²⁹)
588 305 640 354 (v.
669 304 749 354 45).

263 377 322 413 16.
350 368 503 421 Μάρδων
531 368 584 416 (v.
613 368 692 417 52),
719 379 919 416 germanus
933 367 1058 416 Lydus
1072 367 1210 416 (Tmoli
1235 368 1361 407 accola
1386 380 1420 406 v.
1450 368 1528 417 50).

262 440 322 477 17.
350 431 503 484 Θάρυβις
529 431 581 481 (v.
611 431 690 482 52),
717 430 818 470 item.
846 429 910 480 (cf.
937 441 974 469 n.
1002 430 1087 481 XI.)

260 500 507 542 Transeamus
550 495 599 534 ad
643 493 782 534 occisos
821 494 955 541 duces,
1000 505 1093 543 quos
1137 498 1329 533 enumerat
1366 494 1530 533 nuntius.

156 559 292 617 [Supra
315 561 389 599 iam
417 554 723 598 cemmemoratos
748 554 1114 608 praetermittemus]

264 627 322 662 18.
349 617 515 670 Δαδάκης
542 621 594 670 (v.
623 621 728 671 299),
744 620 976 668 chiliarchus,
1003 624 1091 659 ante
1117 631 1280 669 pugnam
1294 619 1530 660 Salaminiam

156 687 203 726 ad
228 695 361 724 navem
388 684 589 733 rescriptus
617 682 679 732 (ef.
708 691 805 732 quae
830 683 880 722 ad
907 687 929 722 5
958 682 1116 726 diximus
1141 694 1179 731 p.
1211 683 1290 731 15).

262 743 506 796 19.·Τενοὶγων
541 746 593 797 (v.
632 746 745 796 301),
765 744 1015 785 ‘Baeti-iorum
1050 745 1124 784 dux
1149 745 1359 795 popularis,
1386 745 1531 795 legatus

157 804 337 860 Astaspis,
364 814 453 850 ante
478 821 641 860 pugnam
667 809 905 848 Salaminiam
933 809 980 848 ad
1006 820 1142 848 navem
1168 809 1370 859 rescriptus
1387 808 1448 859 ³⁰).

261 877 322 914 20.
349 872 490 917 Λίλαιος
515 873 568 923 (v.
598 876 685 920 303,
713 873 820 922 943),
843 872 880 910 in
895 872 1082 921 Aegyptia
1095 872 1212 911 classe
1234 872 1373 911 ordinis
1387 873 1530 912 ductor.

261 940 324 976 21.
355 930 556 987 Ἀργήστης
597 935 648 986 (v.
695 936 808 987 303),
845 935 945 974 item.
981 936 1103 986 (νῆσον
1136 934 1199 985 τὴν
1234 934 1532 986 πελειοθρέμμονα

157 1012 239 1042 cum
280 1000 493 1040 Hermanno
527 1002 620 1049 puto
655 1009 767 1038 unam
807 1009 830 1037 e
867 999 992 1048 parvis
1026 998 1154 1038 insulis
1190 1009 1272 1038 esse
1307 998 1532 1038 Salaminem

157 1065 440 1115 adiacentibus.)

262 1130 323 1167 22.
345 1122 497 1177 Ἀδεύης
532 1126 583 1175 (v.
621 1127 734 1176 307),
762 1126 987 1177 Aegyptius,
1023 1126 1061 1165 in
1099 1127 1310 1167 Ariomardi
1341 1126 1533 1167 classicula

157 1191 295 1232 ordinis
322 1190 457 1231 ductor
470 1188 532 1239 ³¹).

262 1258 323 1294 23.
352 1252 534 1304 Φρεσεύης
560 1253 611 1302 (ν.
641 1255 746 1304 307),
774 1254 990 1304 Aegyptius,
1017 1253 1158 1294 Adeuis
1184 1254 1334 1294 adiutor
1347 1253 1410 1303 ³¹).

262 1321 323 1358 24.
352 1317 559 1367 Φαρνοῦχος
594 1316 645 1364 (v.
675 1319 772 1363 308,
809 1318 902 1366 940)
937 1316 1063 1364 Persa,
1100 1317 1238 1356 Adeuis
1270 1318 1309 1356 in
1334 1318 1422 1357 navi
1446 1329 1532 1366 pro-

159 1383 409 1431 pugnatorum
435 1378 644 1431 praefectus
658 1377 717 1428 ³²⁸).
769 1377 856 1419 Non
882 1382 940 1419 est
956 1379 1233 1420 confundendus
1246 1391 1330 1419 cum
1351 1380 1533 1421 Herodoti

160 1443 370 1493 Φαρνούχῃ,
405 1442 693 1481 Harmamithris
727 1445 765 1480 et
799 1442 944 1481 Tithaei
982 1443 1020 1481 in
1055 1444 1242 1493 equitatus
1275 1443 1430 1493 imperio
1458 1444 1533 1484 col-

158 1506 262 1556 lega;
303 1507 335 1546 is
374 1517 421 1545 ne
459 1508 680 1556 pervenerat
719 1506 866 1556 quidem
911 1506 949 1545 in
990 1506 1204 1555 Graeciam,
1245 1506 1312 1547 sed
1358 1510 1532 1557 aegrotus

158 1571 335 1610 Sardibus
362 1573 443 1609 erat
468 1570 617 1609 relictus
644 1569 745 1619 (VII,
773 1570 853 1620 88).

263 1627 325 1674 2⁴5.
352 1630 541 1677 Μάταλλος
567 1633 618 1683 (ν.
649 1633 752 1683 309),
781 1632 922 1684 Chryse
946 1633 1123 1674 Indorum
1141 1634 1191 1684 ³³)
1220 1638 1336 1683 ortus,
1364 1635 1532 1685 equitum

156 1696 333 1736 Indorum
360 1696 538 1746 (10,000)
573 1696 822 1746 myriarchus‚
863 1709 938 1736 una
975 1709 1058 1737 cum
1096 1699 1261 1748 equitnm
1298 1698 1531 1738 Bactriorum

157 1761 334 1810 (10,000)
362 1763 400 1799 et
426 1759 645 1809 Caspiorum
670 1760 848 1809 (10,000)
874 1760 1092 1810 myriarehis
1114 1761 1283 1801 subditus
1305 1761 1528 1801 Pharnuehi.

155 1822 229 1861 Sed
255 1827 453 1873 postquam
488 1824 519 1862 is
547 1823 722 1863 Sardibus
758 1823 797 1862 in
822 1824 993 1863 morbum
1020 1827 1078 1864 est
1108 1825 1307 1873 coniectus,
1333 1825 1530 1875 imperium

155 1885 233 1925 eius
268 1886 317 1925 ad
352 1889 428 1926 tres
463 1887 648 1936 myriadas
683 1887 872 1937 pertinens
909 1888 1125 1927 mandatum
1162 1891 1218 1926 est
1253 1887 1406 1927 Matallo
1436 1887 1529 1927 fidu-

155 1959 318 1988 clauum.

258 2008 498 2064 26.Ἀραβος
538 2013 589 2064 (v.
620 2016 731 2065 313),
772 2014 985 2064 Magorum,
1035 2016 1156 2065 gentis
1195 2015 1329 2055 Medae
1344 2013 1405 2066 ³4),
1453 2014 1528 2053 dux

256 2223 306 2274 ²⁹)
334 2226 424 2263 Vide
448 2231 567 2263 notam
595 2226 675 2263 VII.

256 2275 306 2326 ³⁰)
335 2279 424 2315 Vide
449 2284 566 2315 notam
594 2279 694 2315 VIII.

254 2328 304 2380 31)
333 2332 422 2370 Vide
446 2337 566 2369 notam
594 2332 661 2369 IX.

255 2381 300 2431 33)
329 2385 381 2421 Cf.
421 2386 505 2421 Her.
541 2386 622 2421 vn.
661 2386 728 2421 96:
756 2379 962 2431 ἐπεβάτευον
999 2381 1039 2421 δὲ
1075 2381 1131 2421 ἐπὶ
1156 2380 1297 2420 πασέων
1342 2388 1411 2421 τῶν
1438 2389 1523 2422 νεῶν

148 2431 280 2484 Πέρσαι
304 2433 363 2474 καὶ
388 2436 503 2486 Μῆδοι
528 2433 588 2473 καὶ
613 2432 733 2474 Σάκαι.

251 2487 302 2540 33)
328 2491 449 2538 steph,
464 2486 552 2538 Byz.
565 2511 617 2517 --
628 2491 682 2527 De
697 2491 828 2539 Chryse
842 2491 1042 2527 Troicorum
1057 2489 1179 2539 (Hom.
1194 2489 1235 2528 ΙΙ.
1251 2490 1278 2536 Ι,
1293 2492 1354 2536 37,
1367 2490 1521 2539 saepius)

148 2545 289 2589 cogitari
314 2546 443 2590 nequit,
470 2547 631 2590 quoniam
658 2544 772 2580 Troici
798 2556 865 2581 non
893 2545 1071 2580 merebant
1090 2546 1205 2590 equis.

252 2593 299 2645 ⁸⁴)
326 2596 410 2633 Her.
438 2597 466 2642 1,
497 2598 579 2634 101.
