1844 2859
954 77 1005 116 50

281 208 500 251 Welckerus
516 214 670 262 primus·
683 214 878 252 assemtus
896 214 977 252 est:
1006 211 1154 262 delegat
1177 224 1246 253 nos
1259 212 1432 253 videlicet
1450 211 1498 253 a‘d
1509 212 1668 268 primam

280 273 464 323 fabulam,
502 274 540 313 in
574 281 648 324 qua
673 271 837 314 Phineus
863 275 902 315 id
928 273 1140 326 protulerit,
1168 275 1394 326 Argonautis
1420 271 1671 316 futura'inffier

280 337 448 377 Graecos
497 341 536 377 et
583 338 761 379 barbaros
805 334 903 378 bella
943 349 1143 389 exponens.
1209 337 1289 379 Iam
1329 339 1448 379 oritur
1490 339 1669 389 quaestio,

282 400 487 451 quomodo,
531 412 628 451 quae
662 401 890 452 Argonautis
928 400 1092 442 Phineus
1132 402 1378 453 praedixerit,
1419 403 1459 442 in
1499 401 1668 442 notitiam

280 464 520 516 pervenerint
540 464 658 505 Darii.
711 463 744 504 E
761 463 949 505 Welckeri
970 462 1157 506 sententia
1179 465 1416 517 cogitandum
1444 467 1512 514 est,
1539 463 1671 504 Phinei

279 526 475 578 praedicta
511 538 582 579 per
608 526 736 568 Asiam
777 540 859 569 esse
900 526 1034 569 diffusa
1072 532 1188 579 atque
1227 522 1465 577 conservata3
1511 528 1671 568 fortasse

280 590 404 641 ipsum
430 593 555 631 vatem
581 591 621 631 id
646 591 813 632 futurum
840 602 922 632 esse
945 590 1112 632 breviter
1133 590 1329 633 indicasse.
1376 593 1496 641 Quam
1521 594 1670 632 senten-

280 655 373 694 tiam
399 655 431 694 si
457 656 667 705 sequimur,
703 667 778 696 non
813 655 1073 705 intelligimus,
1115 655 1302 706 quomodo
1342 655 1435 696 fieti
1449 653 1587 707 possit,
1628 658 1672 694 ut

280 718 474 768 praedicta
512 718 577 758 illa
602 719 718 759 Dario
758 719 833 759 sint
873 722 982 767 nota,
1024 719 1136 759 choro
1179 722 1217 759 et
1243 720 1403 759 Atossae
1438 723 1551 769 atque
1576 719 1670 759 adeo

281 781 338 832 (id
377 781 477 831 quod
516 781 755 822 manifestum
797 783 872 831 est)
898 782 1014 822 Xerxi
1052 794 1129 821 non
1164 783 1266 821 item.
1322 782 1447 829 Quare
1474 794 1543 831 ego
1569 782 1671 821 Wel-

282 844 480 885 okerianae
519 845 727 885 sententiae
768 856 957 896 opponere
996 845 1116 885 ausim
1156 845 1272 885 hanc:
1312 848 1405 895 puto
1433 845 1670 895 cogitandum

280 917 385 956 ewa,
425 901 583 948 Darium
619 905 839 949 vaticinium
875 909 978 959 apud
1016 907 1154 949 inferos
1192 906 1344 948 demum
1366 909 1429 948 vel
1465 909 1511 947 ex
1547 907 1670 957 aliquo

282 972 584 1020 Argonautarum
624 970 683 1010 vel
727 981 778 1011 ex
823 971 908 1022 ipso
946 970 1095 1012 Phineo
1136 972 1372 1022 comperisse.
1441 970 1521 1011 Iu
1567 980 1669 1018 vero,

282 1045 378 1084 quae
416 1034 455 1074 in
493 1035 616 1085 prima
654 1035 825 1085 trilogiae
859 1034 985 1075 fabula
1010 1035 1174 1075 Phineus
1205 1035 1431 1085 Argonautis
1458 1035 1505 1075 de
1531 1034 1666 1074 Xerxis

280 1097 379 1138 bello
404 1098 603 1148 praedixit,
651 1109 673 1137 e
707 1098 814 1137 Darii
852 1098 975 1138 verbis
1015 1101 1118 1138 recte
1156 1098 1249 1138 mihi
1289 1098 1421 1138 videor
1454 1091 1672 1138 concludere

280 1160 395 1202 fuisse
433 1161 527 1202 hae'c
571 1161 671 1202 fere:
722 1161 934 1212 ‚aliquando
984 1173 1051 1203 rex
1089 1162 1289 1203 Persarum
1329 1161 1467 1213 duplici
1505 1162 1672 1202 exercitu

281 1225 461 1266 adversus
500 1226 699 1265 Graeciam
737 1225 1012 1275 proficiscetur,
1067 1225 1310 1275 Hellesponto
1348 1225 1497 1264 vincula
1534 1225 1672 1264 iniiciet

281 1290 490 1340 pontesque
520 1288 710 1340 imponet,
752 1288 790 1328 iu
817 1288 977 1329 Graecia
1013 1288 1168 1329 deorum
1207 1298 1315 1329 sacra
1355 1289 1497 1337 diruet,
1539 1288 1672 1327 deinde

281 1362 390 1393 versa
422 1352 574 1391 fortuna
594 1353 689 1402 'ipse
715 1355 818 1392 veste
857 1353 1012 1392 discissa
1037 1353 1076 1391 in
1101 1353 1264 1402 patriam
1289 1355 1509 1399 revertetur,
1534 1352 1670 1391 robore

280 1415 464 1455 exercitus
502 1415 694 1455 terrestris
732 1416 771 1454 in
812 1415 971 1456 Graecia
1009 1413 1159 1463 relict03
1209 1415 1310 1464 quod
1348 1415 1386 1454 in
1426 1414 1584 1454 Boeotia
1621 1414 1670 1453 ad

279 1477 448 1529 Asopum
486 1478 526 1517 iu
564 1489 656 1528 agro
695 1478 970 1519 Plataeensium
1010 1490 1078 1528 per
1117 1478 1319 1518 Dorienses
1358 1478 1514 1528 peribit,
1552 1477 1669 1517 iustas

279 1540 558 1591 sacrilegiorum
573 1551 715 1591 poenas
734 1541 867 1581 luens.‘
898 1541 984 1581 Non
1002 1544 1094 1592 puto
1117 1551 1345 1592 quemquam
1362 1551 1446 1581 cese
1472 1539 1668 1588 dicturum,

280 1614 342 1644 me
368 1602 551 1655 Aeschylo
576 1604 730 1654 indigna
755 1615 915 1655 ponere,
943 1605 977 1645 si
1003 1604 1234 1654 addiderim,
1263 1604 1428 1655 cogitare
1453 1613 1514 1643 me
1539 1602 1669 1642 Phinei

279 1668 402 1707 locum
429 1670 468 1707 et
493 1678 612 1717 aeque
637 1668 789 1707 brevem
815 1669 874 1707 vel
900 1669 994 1708 adeo
1021 1668 1229 1708 breviorem
1255 1667 1371 1708 fuisse
1397 1669 1455 1713 et,
1495 1666 1595 1715 quod
1621 1665 1669 1704 ad

278 1729 394 1771 verba
432 1731 589 1779 attinet,
629 1731 893 1771 obscuriorem.
955 1730 1013 1770 De
1052 1730 1174 1771 verbis
1213 1730 1423 1781 suspicatus
1463 1739 1547 1769 sum
1587 1728 1668 1769 hoc.

278 1793 461 1833 Phineum
487 1794 752 1833 vaticinantem
779 1805 854 1833 nou
891 1795 1103 1833 nominasse
1137 1796 1230 1843 puto
1256 1793 1561 1843 Hellespontum,
1597 1792 1668 1831 sed

278 1857 502 1908 Bosporum.
555 1855 775 1908 Complures
814 1860 923 1897 erant
957 1857 1135 1908 Bospori:
1178 1857 1258 1897 noti
1296 1859 1387 1896 suut
1412 1854 1592 1895 Tliracius
1632 1857 1670 1894 et

276 1919 521 1969 Cimmerium
562 1921 706 1960 accedit
739 1920 1006 1971 Hellespontus
1047 1920 1109 1970 (cf.
1136 1920 1252 1960 schol.
1289 1920 1338 1959 ad
1363 1916 1478 1968 Seph.
1506 1918 1564 1957 Ai.
1592 1921 1668 1958 884

278 1984 448 2035 Elmsl.);
489 1984 580 2034 quin
619 1984 824 2024 secundum
863 1984 1104 2024 scholiastam
1142 1983 1190 2023 ad
1218 1982 1339 2033 Apoll.
1366 1979 1487 2021 Rhod.
1514 1980 1563 2030 11,
1594 1984 1668 2020 1¹68

279 2047 436 2099 quodvis
448 2046 586 2087 fretum
602 2047 867 2087 nominabatur
890 2045 1079 2098 βόσπορος.
1119 2046 1262 2086 Notum
1283 2048 1342 2085 est
1362 2045 1476 2085 verba
1492 2044 1670 2093 ambigua

277 2111 565 2153 vaticinantibus
590 2110 705 2151 fuisse
730 2111 880 2151 usitata.
925 2110 1107 2150 Phineum
1130 2112 1256 2149 autem
1280 2108 1393 2148 verbo
1415 2107 1478 2147 illo
1496 2107 1668 2156 ambiguo

276 2185 388 2216 usum
420 2185 510 2215 mse
537 2186 560 2214 e
584 2174 784 2215 Persarum
816 2174 986 2215 versibus
1014 2177 1093 2214 724*
1118 2178 1157 2214 et
1191 2176 1265 2213 747
1287 2172 1519 2222 collegerim.
1572 2171 1669 2218 Quin

276 2240 399 2280 totum
437 2238 529 2277 illud
568 2236 752 2289 Βόσπορον
787 2239 920 2289 κλῇσαι
957 2235 1086 2287 μέγαν,
1124 2237 1228 2287 quod
1263 2248 1298 2275 v.
1336 2238 1412 2275 724
1449 2234 1607 2285 legitur,
1647 2245 1669 2272 e

277 2302 410 2343 Phinei
434 2302 608 2342 vaticinio
644 2301 794 2342 videtur
821 2312 903 2343 esse
928 2301 1142 2351 repetitum.
1187 2290 1360 2350 Namque
1382 2310 1415 2339 v.
1443 2300 1519 2339 724
1532 2297 1669 2338 Darius

277 2366 435 2406 eandem
451 2375 533 2404 rem
554 2364 723 2414 requirit,
751 2375 864 2414 quam
884 2375 997 2404 versu
1019 2362 1255 2403 antecedenti
1263 2363 1405 2404 Atussa
1426 2359 1668 2407 confirmavit,

276 2428 344 2470 sed
378 2428 461 2469 aliis
485 2427 620 2469 verbis
675 2427 767 2467 Vult
789 2427 924 2477 igitur,
969 2430 1013 2468 ut
1046 2438 1122 2469 nou
1144 2425 1269 2467 solum
1305 2437 1389 2473 res,
1431 2424 1498 2464 sed
1524 2426 1563 2463 et
1586 2423 1670 2472 ipsa

276 2493 391 2533 verba
437 2492 502 2531 illa
553 2490 830 2531 confirmentur.
899 2491 1010 2530 Unde
1061 2490 1230 2541 suspicor
1279 2489 1372 2529 haec
1404 2498 1491 2528 esse
1529 2487 1667 2537 gravia,

274 2556 449 2597 vaticinio
491 2555 613 2604 edita,
655 2554 759 2595 cuius
800 2557 975 2594 eventum
1014 2554 1089 2593 iam
1115 2564 1151 2593 v.
1181 2555 1256 2593 717
1283 2551 1420 2592 Darius
1455 2550 1669 2602 praesagire
