1844 2859
963 58 1014 94 60

289 182 431 218 temere
472 179 636 218 omnium
677 179 843 218 codicum
885 180 1079 219 lectionem
1108 177 1251 229 Μάρδος
1278 179 1522 229 Brunckius,
1549 182 1613 223 alii
1638 182 1677 222 in

289 240 438 293 Μέρδις,
479 241 734 283 Blomfieldius
762 243 799 282 in
826 239 974 293 Σμέρδις
1001 242 1240 283 mutaverint.
1294 236 1472 284 Videmus
1498 244 1676 286 maiorem

289 306 326 345 in
350 305 564 355 Aaechyleis
590 306 804 348 nominibus
830 306 953 345 inesse
980 306 1254 355 auctoritatem,
1282 318 1393 356 quam
1420 306 1544 346 adhuc
1567 311 1677 357 puta-

289 373 368 408 tum
397 372 466 409 est.
521 369 629 416 Quod
656 369 810 409 Mardus
838 369 923 408 dolo
951 369 1166 409 interfectus
1194 369 1348 418 dicitur,
1389 371 1560 420 congruit
1592 382 1676 410 cum

290 432 472 471 Herodoti
498 432 713 471 narratione
738 432 822 482 (III,
852 432 1025 481 68—78)
1052 435 1091 470 et
1118 444 1201 471 cum
1227 444 1353 471 rerum
1381 433 1677 482 adumbratione,

289 506 401 546 quam
428 495 576 535 exhibet
601 496 793 546 inscriptio
809 495 1012 535 Behistana
1038 495 1085 546 (Ι,
1117 496 1194 545 13).
1238 496 1447 547 Principem
1475 497 1530 536 rei
1546 499 1675 546 gestae

289 559 493 609 Aeschylus
519 559 690 609 perhibet
711 554 948 608 Ἀρταφρένη.
1005 559 1115 608 Apud
1142 558 1375 599 Herodotum
1413 551 1676 600 coniurationis

288 625 419 663 auctor
446 625 504 662 est
530 622 683 663 Otanes
737 622 810 662 Sed
850 625 974 661 tamen
1003 621 1217 663 Herodotus
1243 623 1385 663 socium
1413 623 1676 665 coniurationis

289 698 448 737 eumque
486 686 533 727 ab
565 687 646 737 ipso
675 686 795 726 Otane
822 686 869 726 ad
898 686 1114 726 societatem
1141 687 1298 727 ascitum
1326 686 1526 738 (111‚7o)
1534 686 1677 738 profert

283 745 523 799 Ἰνταφέρνεα,
564 750 627 800 qui
663 749 858 790 manifesto
894 749 992 788 idem
1030 752 1088 788 est
1123 752 1239 799 atque
1273 749 1420 790 Ctesiae
1454 745 1674 800 Ἀταφέρνης

288 813 408 863 (Pers.
441 813 504 863 14)
533 817 570 853 et
595 813 845 863 inscriptionis
878 813 1121 861 Behistanae,
1164 824 1260 863 quae
1287 825 1361 854 uno
1396 813 1545 853 nomine
1570 816 1675 863 post-

287 889 390 916 remo
413 888 497 916 cnm
524 877 719 916 Herodoto
747 877 933 926 discrepat
949 875 1027 926 ¹⁵⁹),
1056 876 1286 915 Vindafrana
1313 876 1394 926 (IV.
1413 877 1487 926 18).
1542 876 1675 926 Itaque

286 941 405 991 liquet
430 940 481 989 id,
515 940 615 990 quod
642 940 880 980 Hermannus
918 939 1075 979 adnotat
1110 939 1158 979 ad
1194 952 1228 979 v.
1260 943 1357 988 776,
1384 951 1513 990 posse,
1541 942 1584 980 ut
1617 951 1673 989 ea,

288 1016 398 1054 quam
426 1005 589 1044 reddidit
615 1004 842 1052 Herodotus,
871 1004 1085 1043 narratione
1113 1004 1236 1052 Otani,
1268 1005 1322 1043 ita
1349 1004 1422 1045 alia
1447 1004 1675 1055 Artapherni

286 1067 426 1116 primas
460 1070 588 1117 partes
624 1067 832 1116 assignatas
865 1078 946 1106 esse
972 1067 1085 1117 idque
1113 1078 1158 1106 eo
1183 1066 1326 1107 facilius
1351 1088 1403 1095 —
1429 1066 1535 1106 addit
1560 1067 1674 1108 hocce

287 1130 491 1171 Schoellius
519 1153 569 1159 —
598 1142 671 1180 quo
699 1131 818 1179 magis
845 1130 949 1169 Darii
974 1129 1092 1170 frater
1116 1130 1372 1181 Artaphernes
1398 1131 1552 1181 eiusque
1576 1130 1673 1172 filius

244 1198 246 1201 ’
287 1195 516 1243 cognominis
548 1194 646 1233 inter
681 1205 855 1243 proceres
882 1194 1080 1232 Persarum
1121 1194 1222 1243 apud
1249 1194 1433 1242 Graecos,
1474 1195 1674 1244 praecipue

286 1258 552 1306 Athenienses,
594 1261 705 1298 notus
746 1257 1026 1307 celebratusque
1067 1256 1179 1296 fuerit
1196 1256 1274 1307 ¹⁶⁰).
1342 1257 1500 1306 Versum
1549 1254 1673 1308 φρένες

285 1320 352 1372 γὰρ
380 1319 489 1360 αὐτοῦ
525 1323 637 1371 θῦμον
676 1318 976 1370 οἱακοστρόφουν,
1014 1321 1078 1370 qui
1114 1324 1244 1370 aperte
1281 1322 1470 1360 contineat
1496 1322 1675 1371 etymolo-

285 1386 385 1435 giam
425 1385 585 1425 nominis
621 1379 868 1435 Ἀρταφρένης
909 1395 1093 1434 quemque
1133 1384 1182 1423 ad
1231 1383 1302 1423 hoc
1351 1384 1490 1430 diserte
1536 1384 1675 1424 referat

285 1449 505 1497 scholiasta,
533 1460 628 1497 non,
668 1451 712 1487 ut
737 1448 773 1487 in
803 1448 1009 1496 codicibus,
1047 1451 1134 1498 post
1162 1450 1249 1496 767,
1277 1448 1343 1487 sed
1373 1452 1448 1487 777
1475 1448 1673 1498 legendum

285 1524 417 1552 censeo
445 1523 528 1552 cum
551 1511 753 1559 Siebelisio,
782 1511 961 1559 Iacobsio‚
990 1511 1221 1559 Hermanno,
1249 1511 1449 1559 Meinekio‚
1477 1511 1671 1551 Schoellio.

285 1576 460 1616 Ceterum
505 1575 628 1615 adhuc
665 1574 759 1614 falso
799 1577 981 1624 putarunt
1020 1574 1088 1613 viri
1129 1574 1248 1622 docti,
1289 1574 1532 1624 principalem
1572 1574 1673 1625 apud

285 1641 449 1680 Graecos
488 1639 645 1680 formam
686 1638 799 1679 fuisse
834 1633 1079 1689 Ἀρταφέρνης
1107 1649 1264 1688 eamque
1291 1650 1315 1677 a
1352 1641 1464 1688 poeta
1490 1641 1672 1678 mutatam

284 1716 366 1745 esse
409 1705 447 1744 in
486 1698 733 1754 Ἀρταφρένης
778 1703 825 1742 ad
865 1701 1087 1751 illigandum
1141 1701 1178 1740 in
1232 1702 1446 1742 narratione
1494 1702 1672 1752 etymolo-

285 1769 407 1819 gicum
457 1779 626 1808 acumen.
695 1767 878 1815 Quoniam
924 1765 1021 1805 enim
1065 1765 1219 1814 antiqua
1262 1766 1412 1806 Persica
1452 1766 1573 1806 forma
1616 1768 1673 1805 est

282 1838 386 1887 Art<
386 1837 452 1887 rr<
455 1837 537 1887 >na
561 1821 664 1902 (vs
681 1823 767 1895 εν
783 1824 887 1897 em
905 1822 1305 1917 menos)
1427 1834 1669 1875 domandum

284 1911 361 1954 est,
406 1907 495 1956 quin
531 1906 715 1956 Aeschylo
764 1910 914 1956 praesto
965 1908 1077 1948 fuerit
1119 1909 1240 1948 forma
1273 1901 1517 1956 Ἀρταφρένης
1551 1914 1671 1952 neque

283 1981 377 2019 opus
414 1970 447 2008 ei
482 1969 595 2008 fuerit
629 1970 848 2009 mutatione.
906 1971 1012 2017 Quod
1039 1972 1071 2011 si
1107 1972 1162 2010 ita
1188 1974 1264 2018 est,
1302 1969 1441 2008 dictum
1478 1968 1557 2006 eius
1591 1967 1671 2005 sine

283 2033 395 2071 dubio
449 2033 567 2081 magis
609 2033 749 2081 placuit
778 2033 1075 2073 Atheniensibus.
1131 2034 1228 2072 Nam
1276 2043 1359 2071 cum
1408 2041 1518 2070 omne
1563 2031 1670 2067 acute

283 2097 434 2145 dictum,
453 2099 544 2145 ,tum
571 2108 659 2136 vero
688 2096 984 2146 etymologicum,
1013 2110 1086 2148 quo
1109 2098 1232 2137 minus
1260 2098 1441 2142 coactum,
1469 2104 1514 2133 eo
1540 2091 1670 2131 melius

282 2163 351 2199 est.
382 2182 429 2187 —
458 2159 512 2198 Ut
533 2160 724 2210 pleraque,
751 2160 804 2198 ita
826 2159 896 2199 hoc
910 2160 1115 2210 Aeschylus
1137 2163 1238 2200 recte
1253 2159 1352 2207 dicit,
1379 2157 1540 2197 nobilem
1566 2156 1669 2195 illum

282 2224 434 2263 Persam
475 2235 555 2263 rem
596 2235 670 2263 non
710 2223 830 2262 solum
857 2227 1112 2273 perpetrasse,
1155 2224 1220 2263 sed
1248 2223 1304 2267 ξὺν
1333 2217 1495 2272 ἀνδράσιν
1523 2218 1668 2271 φίλοισιν

283 2287 399 2336 (bada
426 2287 656 2326 kamanaibis
684 2287 932 2335 martiyaibis,
971 2287 1111 2326 Behist.
1142 2287 1171 2335 Ι,
1204 2287 1281 2337 13).
1309 2308 1360 2313 -
1388 2285 1434 2323 V.
1464 2288 1538 2324 779
1566 2282 1669 2327 ἕκτος

390 2433 452 2482 159)
480 2436 531 2472 Cf.
566 2436 703 2473 Dunck.
731 2436 777 2480 11,
808 2437 881 2472 609
911 2448 945 2473 n.
980 2439 1011 2472 l.

391 2486 454 2536 ¹⁶⁰)
481 2488 565 2527 Her.
594 2489 640 2526 V.
670 2490 730 2534 25,
758 2490 819 2535 30,
849 2491 908 2535 73,
939 2490 1024 2536 100,
1057 2490 1148 2536 123;
1177 2488 1240 2534 VI,
1270 2490 1301 2533 l,
1329 2489 1363 2533 4,
1391 2488 1460 2532 943
1489 2484 1569 2531 VII,
1598 2486 1664 2533 743

283 2545 325 2581 ef.
355 2543 484 2580 Aesch.
514 2543 609 2579 Pers.
639 2545 700 2579 22.
