1844 2859
833 95 908 149 43,

171 222 371 273 scriptores
388 219 466 270 ¹¹⁶),
493 217 634 265 scribis,
657 216 721 266 qui
741 227 802 259 res
823 219 861 257 in
874 217 1016 268 proelio
1031 219 1157 267 gestas
1168 219 1354 257 notarent.
1389 217 1541 266 Locum,

169 285 233 325 ubi
258 284 407 332 sederit,
432 280 646 324 Herodotus
673 280 786 332 situm
804 291 886 321 esse
905 280 995 320 dicit
1014 281 1083 321 sub
1104 281 1269 329 Aegaleo
1286 283 1413 319 monte
1432 281 1542 319 exad-

170 360 299 389 versus
324 337 551 388 Salaminem
577 347 807 393 assurgente.
860 343 985 383 Etiam
1011 343 1219 383 accuratius
1245 354 1331 382 eum
1351 342 1544 392 descripsit

169 411 440 456 Phanodemus‚
460 407 525 457 qui
544 417 568 445 a
580 406 780 447 Plutarcho
795 407 838 457 (l.
850 406 934 446 infr.
956 407 999 456 1.)
1012 407 1202 455 laudatur-3
1229 407 1261 446 is
1273 406 1370 445 enim
1383 405 1542 445 Xerxem

169 475 310 517 sedisse
342 469 487 512 rettulit
521 481 635 519 super
660 469 831 510 Herculis
862 470 1058 519 templum,
1085 469 1185 519 quod
1212 469 1439 509 contrarium
1464 471 1545 507 erat

170 536 366 580 Salaminis
391 533 527 582 ligulae
553 533 601 572 ad
628 533 809 572 orientem
845 544 974 573 versus
1000 533 1245 583 procui-renti,
1271 533 1334 572 ubi
1360 532 1545 581 angustis-

169 602 302 641 simum
344 596 480 636 fretum
528 599 596 636 est.
664 595 911 636 Confer-antur
952 596 1098 636 Ctesiae
1145 596 1258 636 verba
1298 596 1417 646 (Pers.
1460 595 1543 644 26):

171 662 190 700 ὁ
218 659 351 710 Ξέρξης
386 656 534 697 αὖτόθεν
571 658 759 711 [Athenis]
801 656 914 698 ἐλθὼν
956 657 1013 697 ἐπὶ
1047 657 1254 697 στεινόταιον
1288 663 1351 708 τῆς
1380 654 1545 708 Ἀττικῆς

171 719 390 773 (Ἡράκλειον
416 723 571 760 καλεῖται
613 744 663 750 -
690 744 744 750 -—
768 744 830 760 —.
849 722 914 772 ¹¹⁷)

274 785 517 834 Conspicatus
552 786 668 833 igitur
702 786 867 834 ingentia
906 786 1007 825 mala
1030 797 1115 833 rex,
1156 788 1198 824 ut
1227 786 1378 824 nuntius
1404 787 1543 830 narrat,

169 860 252 889 cum
279 848 419 888 eiulatu
446 848 618 887 discindit
637 850 778 887 vestem
804 850 917 898 atque
938 848 1123 898 extemplo
1150 848 1337 888 terrestris
1363 846 1545 887 exercitus

169 916 291 952 castra
326 923 481 952 movens
520 912 786 962 incompositae
820 923 861 952 se
893 912 1049 951 mandat
1082 911 1193 960 fugae
1229 912 1279 961 (v.
1307 911 1544 960 463—465).

169 975 225 1014 De
251 978 354 1015 veste
381 975 535 1015 discissa
556 977 682 1014 tacent
705 986 832 1014 rerum
857 975 1069 1025 scriptores.
1122 974 1240 1014 Poeta
1265 975 1296 1013 si
1322 985 1402 1013 rem
1427 973 1544 1021 finxit,

168 1038 316 1088 egregie
341 1037 458 1077 finxit.
511 1037 627 1077 Moris
672 1037 786 1087 fuisse
813 1038 1079 1086 Asiaticorum,
1107 1041 1150 1077 ut
1175 1039 1213 1076 in
1239 1038 1397 1077 miseriis
1423 1040 1545 1076 vestes

168 1101 435 1146 discinderent,
462 1104 591 1140 notum
618 1106 676 1141 ost
701 1104 815 1150 atque
841 1102 1033 1141 Herodoto
1066 1105 1162 1141 teste
1197 1101 1376 1141 Susorum
1402 1101 1545 1140 incolae

167 1166 319 1214 accepto
367 1163 589 1203 Salaminiae
637 1163 857 1203 calamitatis
906 1164 1037 1204 nuntio
1077 1164 1254 1203 sollemne
1293 1163 1385 1203 illud
1423 1164 1545 1202 luctus

104 1278 108 1283 .
167 1227 313 1276 signum
331 1227 528 1266 ediderunt
541 1226 660 1277 (VIII,
689 1228 768 1277 99).
795 1250 848 1255 —
874 1228 978 1275 Quae
991 1228 1038 1267 de
1050 1226 1138 1277 fuga
1156 1228 1307 1267 nuntius
1319 1227 1545 1277 Aeschyleus

168 1291 276 1339 dicit,
302 1290 497 1330 veritatem
532 1291 641 1340 longe
677 1291 870 1330 excedunt.
925 1291 1022 1330 Nam
1060 1302 1180 1340 neque
1212 1291 1398 1340 extemplo
1424 1301 1545 1339 neque

168 1354 410 1404 incomposite
448 1354 591 1393 Xerxes
630 1353 738 1404 fugit.
790 1354 870 1394 Imo
911 1355 1050 1394 victum
1090 1366 1172 1394 sese
1211 1353 1378 1404 profiteri
1416 1354 1544 1393 nolens

168 1420 319 1468 postero
355 1417 415 1457 die
449 1428 623 1467 aggerem
659 1418 793 1457 ducere
828 1418 868 1457 in
893 1418 1117 1458 Salaminem
1156 1418 1355 1467 classisque
1381 1417 1544 1466 reliquiis

169 1482 290 1522 denuo
334 1482 507 1531 proeliari
554 1482 729 1531 parabat:
782 1493 856 1531 quo
906 1493 1131 1532 quamquam
1179 1482 1349 1531 protinus
1397 1482 1544 1531 incepto

169 1545 322 1592 destitit,
349 1548 475 1583 tamen
501 1545 697 1583 nonnullos
724 1544 837 1583 etiam
874 1545 953 1584 dies
984 1545 1022 1584 in
1050 1545 1175 1584 Attica
1200 1548 1448 1584 commoratus
1475 1548 1544 1592 est,

171 1607 294 1657 quoad
329 1607 587 1647 Themistoclis
622 1608 772 1656 nuntio,
800 1610 843 1647 ut
877 1608 1043 1657 videtur,
1079 1608 1127 1647 ad
1162 1611 1303 1647 certum
1334 1608 1545 1658 compulsus

170 1670 361 1710 consilium
397 1681 472 1710 non
511 1671 591 1710 sine
626 1671 756 1710 ordine
793 1674 916 1710 cast-ra
955 1672 1070 1711 movit
1086 1670 1164 1720 ¹¹⁸).
1226 1671 1418 1720 Ceterum,
1446 1671 1545 1721 quod

169 1826 392 1880 ἆργυρόπους
434 1830 659 1867 Demostheni
701 1829 744 1877 (c.
785 1830 935 1867 Timocr.
976 1841 1011 1876 p.
1056 1832 1148 1875 741,
1189 1829 1243 1878 5),
1283 1831 1545 1878 Harpocrationi

168 1883 267 1932 (Lex.
294 1895 330 1929 p.
360 1884 407 1919 28
437 1883 557 1930 Lips.).
584 1881 758 1931 (Sintenis.
786 1884 831 1919 ad
859 1884 949 1920 Plut.
976 1882 1026 1931 1.).

276 1933 324 1957 116

275 1935 338 2036 ¹¹⁷3
364 1936 463 2026 IAiftler
480 1936 668 2026 zlulclt'offl
692 1936 891 2026 5¹¹3„th
916 1989 1059 2035 allatus,
1091 1990 1335 2036 Acestodorus,
1360 1993 1392 2027 in
1420 1992 1546 2029 finibus

169 2042 357 2089 Megaridis
383 2042 496 2078 locum
524 2041 628 2077 fuisse
655 2044 813 2088 exposuit
839 2052 944 2088 super
979 2048 1128 2088 montes,
1170 2045 1295 2089 quibus
1321 2055 1447 2081 nomen
1475 2052 1547 2081 erat

168 2096 348 2132 Cornibus.
406 2096 459 2131 De
487 2097 584 2131 cuius
624 2096 819 2131 testimonio
858 2095 959 2131 liceat
989 2096 1120 2140 afferre,
1161 2108 1250 2142 quae
1276 2097 1388 2133 facete
1414 2100 1547 2134 notavit

169 2148 309 2184 Grotius
350 2147 543 2194 (111,104
584 2159 616 2184 n.
660 2146 742 2195 55).
773 2146 912 2193 „asena
958 2146 1067 2194 bieier
1093 2145 1340 2196 (Ξῷτίᾓίῑεῐῐεΐ
1378 2149 1445 2189 mit
1484 2150 1546 2190 ber

169 2198 426 2261 Zopogtapbie
464 2209 537 2238 non
564 2199 684 2238 fflttica
724 2197 871 2238 befannt
910 2210 1009 2245 mar,
1048 2200 1084 2247 fo
1119 2199 1205 2247 mab
1240 2212 1278 2240 et
1313 2201 1391 2240 bem
1416 2202 1545 2250 aeetgess

168 2251 244 2293 eine
282 2251 322 2292 ίη
358 2250 556 2297 &stannea
592 2250 733 2301 iegenbe
774 2249 1073 2302 Qeitfitbtigfflff
1115 2252 1337 2299 (addidissem
1377 2253 1451 2295 aab
1490 2255 1546 2295 me

167 2303 360 2355 fabelbafte
374 2303 496 2354 stanit
522 2315 584 2345 um
611 2304 686 2345 eine
701 2303 778 2346 &cte
812 2314 854 2354 31²
879 2303 996 2355 feben)
1013 2304 1290 2356 „augefcbrieben
1316 2306 1448 2358 bahem
1476 2308 1545 2349 mit

168 2356 255 2397 aher
293 2356 428 2397 {dunen
466 2356 556 2406 δίεῖε
582 2356 731 2407 &unche
769 2356 1045 2407 mabricbeinlid)
1081 2358 1141 2406 fiir
1176 2358 1234 2399 ein
1260 2360 1417 2408 §Beifpiel
1448 2361 1545 2410 jener

168 2408 368 2461 ῢῖαῷῑᾶῆίᾳ
368 2409 433 2450 fcit
471 2409 512 2451 in
550 2408 612 2451 bet
639 2408 868 2462 &ograpbie
909 2409 1076 2462 netymen
1116 2410 1238 2462 melche
1278 2411 1314 2460 fo
1355 2372 1544 2454 nie1e¹atte
1625 2474 1629 2477 Δ

168 2462 414 2538 Εῴΐίξῐῇεῑῐετ
440 2461 664 2513 bezeichnet‘fi

294 2514 339 2565 18)
366 2518 466 2554 Her.
493 2517 601 2561 VIII,
637 2518 840 2562 97—1133
878 2518 970 2554 Ctes.
1010 2519 1105 2555 Pers.
1144 2521 1212 2564 263
1241 2520 1344 2556 Diod.
1371 2521 1441 2564 XI,
1478 2522 1542 2565 ¹93

170 2570 260 2608 Plut.
302 2570 425 2609 Them.
459 2571 521 2617 165
559 2569 661 2608 Corn.
689 2568 777 2618 Nep.
814 2569 935 2608 Them.
965 2572 1009 2618 53
1034 2570 1162 2610 Justin.
1197 2572 1243 2610 ΙΙ.
1276 2573 1335 2612 13,
1364 2571 1415 2610 Cf.
1444 2572 1541 2610 Grot.
