1844 2859
965 96 1017 141 ‘5'2

290 226 436 266 xerxes
471 226 510 265 id
545 226 633 266 fecit
666 227 786 277 ruptis
820 226 1006 276 prioribus
1032 227 1208 277 pontibus
1234 227 1422 275 saeviens,
1463 218 1680 279 addiditque

284 291 407 330 etiam
436 282 603 330 trecenta
615 285 782 330 verbera.
825 289 962 330 Darius
976 289 1216 331 vehementer
1240 291 1356 331 istam
1376 288 1442 330 filii
1468 291 1680 341 superbiam

291 354 437 393 incusat
483 360 619 404 neque·v
647 354 769 393 minus
806 354 982 401 alteram,
1026 365 1101 404 qua
1134 354 1232 394 viam
1267 356 1372 411 trans
1398 352 1683 404 Hellespontum

292 417 470 457 exercitui
496 417 697 457 muniverit
723 415 775 466 (v.
805 419 880 457 748
907 417 994 467 sq.).
1048 416 1228 458 Videmus
1253 417 1357 457 illum
1385 416 1482 468 (hic,
1523 420 1568 457 ut
1594 421 1682 458 ante

286 492 325 521 v.
356 482 450 532 726)
475 481 597 531 loqui,
643 481 749 531 quasi
784 481 865 531 ipse
903 492 1095 531 nunquam
1120 481 1198 521 tale
1224 481 1364 532 aliquid
1389 482 1682 532 perpetraverit;

292 546 331 583 et
364 547 491 584 tamen
528 547 675 584 constat
713 556 798 584 eum
825 543 994 594 Bosporo
1030 547 1182 594 pontem
1208 545 1377 585 iniecisse
1396 543 1472 595 ¹³⁸).
1526 544 1680 585 Grotius

293 606 379 657 (III,
412 610 458 648 13
486 600 562 658 sq.)
598 607 756 648 coniecit
781 605 1005 659 Aeschylum
1040 607 1087 648 de
1121 607 1192 648 hac
1225 619 1266 648 re
1299 609 1449 649 omnino
1475 609 1682 658 ignorasse.

292 673 343 710 At
364 672 428 722 qui
449 672 574 722 potuit
591 672 776 721 ignorare,
805 682 889 711 cum
904 671 1039 711 Graeci
1049 674 1203 722 pontem
1229 671 1413 723 fecissent,
1444 672 1679 712 Atheniensis

290 734 479 775 Miltiades
506 735 732 785 expeditioni
761 735 815 774 illi
833 734 1088 775 interfuisset?
1112 736 1216 785 Ergo
1242 730 1355 774 aliter
1376 746 1437 774 res
1464 735 1682 785 explicanda

291 800 360 838 est.
413 798 560 849 Nempe
590 799 726 838 Darius
750 799 797 838 ab
826 799 996 839 omnibus
1022 799 1067 839 iis
1089 798 1212 847 rebus,
1235 810 1328 849 quas
1348 810 1482 849 parum
1503 809 1683 848 prospere

290 863 471 910 gesserat,
499 860 719 901 dehortatus
746 864 805 901 est
830 861 1011 909 Xerxem;
1041 862 1079 901 in
1107 861 1239 911 quibus
1266 864 1325 901 est
1351 861 1464 900 etiam
1491 861 1677 911 expeditio

290 925 395 963 trans
436 923 647 975 Bosporum
695 925 733 964 in
774 924 931 975 Scythas
979 923 1089 963 facta.
1157 923 1378 964 Poenitebat
1423 935 1508 963 eum
1548 926 1681 973 postea

289 986 500 1037 Bosporum
536 988 715 1028 transisse
747 991 861 1038 atque
887 987 1060 1027 hortatus
1088 990 1146 1027 est
1171 986 1298 1041 filium,
1326 998 1374 1026 ne
1400 987 1499 1026 idem
1528 986 1679 1026 faceret.

289 1051 410 1098 Quem
435 1051 506 1091 sibi
530 1063 606 1092 non
633 1051 851 1091 obsecutum
877 1051 1009 1091 acerbe
1036 1051 1234 1101 vituperat.
1262 1071 1310 1079 ν-
1344 1049 1514 1099 ,Pedicae
1539 1049 1676 1089 malleo

288 1113 503 1153 fabricatae‘
541 1116 592 1163 (v.
632 1115 745 1164 748),
787 1118 830 1153 ut
874 1117 975 1153 recte
1020 1114 1231 1154 observavit
1264 1113 1479 1161 Schutzius‚
1524 1124 1679 1153 ancoras

288 1176 500 1227 significant
544 1177 742 1227 perlongas
756 1208 765 1226 ‚
806 1176 853 1216 de
898 1177 1031 1227 quibus
1066 1177 1168 1227 apud
1202 1176 1436 1216 Herodotum
1473 1175 1573 1226 (VII,
1612 1175 1678 1226 36)

288 1241 457 1289 legimus.
520 1239 613 1278 Cum
648 1239 831 1279 Herodoti
878 1240 1127 1289 descriptione
1163 1240 1312 1288 egregie
1349 1229 1536 1289 congruit,
1579 1240 1678 1289 quod

289 1303 379 1343 dicit
389 1305 515 1353 poeta,
528 1302 692 1342 Xerxem
706 1302 846 1352 pedicis
871 1302 943 1342 illis
970 1315 996 1340 π
1009 1315 1027 1341 ε
1041 1315 1061 1352 ρ
1076 1316 1087 1340 ι
1101 1303 1217 1350 βαλεῖν
1232 1300 1397 1352 (πόρον);
1425 1305 1555 1342 narrat
1579 1302 1677 1342 enim

290 1366 505 1406 Herodotus
531 1369 667 1415 pontes
693 1377 739 1405 ex
765 1368 923 1414 utraque
949 1368 1059 1415 parte
1085 1366 1230 1405 ancoris
1257 1376 1339 1405 esse
1365 1365 1535 1415 alligatos
1552 1364 1631 1416 ι39).

394 1430 533 1469 Atossa
558 1432 721 1468 matrum
757 1439 862 1469 more
886 1428 1004 1474 filium
1030 1428 1247 1478 gravissime
1273 1439 1297 1467 a
1326 1432 1437 1479 patre
1461 1432 1674 1469 accusatum

289 1503 467 1533 excusare
506 1492 635 1532 studet
678 1492 730 1543 (v.
774 1494 1010 1543 754—759).
1076 1486 1175 1533 Dicit
1218 1493 1316 1532 enim
1358 1504 1381 1532 a
1424 1492 1549 1543 pravis
1588 1492 1675 1531 viris

288 1556 405 1596 filium
431 1556 480 1596 ad
506 1557 757 1596 temeritatem
782 1556 886 1595 illam
919 1567 1000 1596 esse
1026 1556 1240 1596 adductum.
1294 1555 1402 1604 Quod
1429 1566 1519 1595 sane
1545 1566 1673 1596 verum

289 1621 347 1660 est
362 1618 440 1669 ¹⁴⁰).
494 1618 663 1667 Primus,
700 1622 743 1658 ut
777 1619 877 1669 apud
912 1618 1147 1659 Herodotum
1184 1618 1293 1668 (VII,
1323 1619 1364 1668 5)
1400 1621 1438 1658 et
1468 1618 1673 1658 Diodorum

288 1682 383 1733 (XI,
414 1686 452 1733 1)
493 1677 670 1732 legimus,
698 1682 917 1722 Mardonius
951 1682 1153 1722 ambitione
1189 1693 1365 1722 accensus
1392 1681 1553 1721 Xerxem
1586 1693 1674 1731 pro-

287 1746 411 1796 posita
441 1748 479 1785 et
513 1745 665 1786 ultionis
700 1748 739 1785 et
774 1757 995 1795 magnorum
1031 1746 1309 1786 commodorum
1346 1756 1413 1796 spe
1449 1745 1497 1785 ad
1537 1744 1673 1784 bellum

291 1808 472 1850 Graeciae
519 1808 753 1848 inferendum
786 1809 1014 1859 impellebat.
1068 1809 1358 1859 Opitulabantur
1413 1809 1447 1847 ei
1480 1808 1673 1848 Herodoto

287 1875 385 1913 teste
411 1872 520 1923 (vn,
565 1872 606 1922 6)
633 1871 907 1921 Aleuadarum,
939 1872 1155 1913 Thessaliae
1188 1884 1341 1922 regum,
1367 1871 1481 1924 legati
1517 1871 1673 1922 quodvis

287 1936 466 1975 adversus
485 1936 681 1975 Graeciam
708 1936 914 1975 subsidium
940 1936 1213 1985 promittentes,
1242 1936 1376 1975 deinde
1401 1935 1671 1983 Pisistratidas,

395 2104 458 2154 ¹⁸⁸)
484 2107 569 2145 Her.
599 2107 662 2152 lv,
689 2108 749 2152 83,
777 2108 836 2153 85,
866 2108 912 2142 87
942 2117 995 2153 sq.

395 2158 457 2209 ¹³⁹)
484 2155 670 2202 Συνθέντὲς
705 2157 745 2197 δὲ
786 2156 943 2221 ἀγκύρας
968 2161 1126 2209 κατῆκαν
1156 2158 1380 2214 περιμήκεας,
1407 2155 1470 2203 τὰς
1495 2156 1557 2210 μὲν
1583 2155 1672 2210 πρὸς

287 2215 350 2250 τοῦ
364 2210 499 2250 Πόντου
520 2215 585 2261 τῆς
612 2208 749 2260 ἑτέρης,
774 2215 843 2260 τῶν
872 2208 1008 2260 ανέμων
1035 2209 1160 2249 εἵνεκεν
1187 2215 1256 2248 τῶν
1283 2211 1419 2249 ἔσωθεν
1448 2209 1671 2258 ἐκπνεόντων,

286 2268 351 2314 τῆς
377 2262 418 2302 δὲ
445 2261 571 2314 ἑτέρης
596 2261 661 2314 τῆς
686 2262 776 2314 πρὸς
802 2260 956 2313 ἑσπέρης
982 2276 1020 2301 τε
1046 2261 1105 2302 καὶ
1131 2267 1194 2302 τοῦ
1222 2260 1380 2313 Αἰγαίου,
1415 2261 1523 2314 εὔρου
1549 2277 1588 2303 τε
1612 2262 1672 2302 καὶ

285 2316 390 2355 νότου
417 2314 553 2355 εἵνεκεν.
598 2318 685 2354 Mihi
712 2318 851 2365 quidem
879 2328 951 2354 rem
979 2320 1150 2363 spectanti
1176 2318 1312 2354 videtur
1337 2329 1415 2355 cum
1444 2318 1566 2356 Grotio
1593 2319 1671 2367 (ΠΙ,

288 2373 349 2418 20,
375 2382 410 2408 n.
439 2369 507 2420 32)
540 2370 800 2417 intelligendum
836 2380 912 2407 esse
946 2371 1011 2418 τῆς
1047 2365 1126 2419 ἑτέρ
1154 2382 1171 2413 ς
1206 2368 1345 2419 μερίδος
1386 2366 1572 2420 (ἑκατέρης
1606 2372 1671 2419 τῆς

285 2421 454 2514 ἑᾍόραδς)
482 2452 490 2461 .
520 2453 527 2460 .
557 2453 564 2460 .
591 2425 656 2472 τῆς
679 2420 719 2460 δὲ
736 2419 1027 2473 ἑτέρηςτ-ἔνθεν
1040 2419 1128 2472 μὲν(
1216 2419 1300 2473 έρης
1312 2425 1377 2473 τῆς
1389 2421 1558 2473 γεφύρας)
1585 2453 1593 2461 .
1623 2452 1631 2461 .
1661 2454 1669 2461 .

368 2489 385 2513 ν
435 2488 464 2513 ε.

394 2526 456 2578 1⁴²⁰)
485 2530 571 2566 Cum
616 2542 647 2567 v.
679 2531 752 2566 754
788 2541 840 2576 sq.
869 2530 912 2568 cf.
949 2529 1042 2577 quod
1069 2529 1271 2567 Artabanus
1304 2531 1416 2566 Xerxi
1456 2530 1537 2567 dicit
1576 2530 1669 2578 apud
1720 2531 1723 2536 '

287 2584 503 2620 Herodotum
533 2584 612 2628 VII,
647 2586 707 2619 16:
739 2578 936 2632 ἀνθρώπων
963 2586 1082 2621 κακῶν
1111 2579 1242 2633 ὁμιλίαι
1268 2594 1308 2621 σε
1334 2577 1541 2633 σφάλλουσι.
