1844 2859
959 93 1011 132 24

290 213 442 256 factam.
496 213 662 256 Affatum
698 219 780 256 erat
812 216 850 256 id
886 217 1076 257 oraculum
1103 216 1327 258 Salaminem
1356 214 1502 269 &flebis
1519 218 1672 271 Σαλαμίς

291 282 330 318 et
355 280 593 329 praedixerat
618 290 701 320 eam
727 280 957 331 perdituram
984 291 1067 321 osse
1082 280 1178 321 filios
1203 278 1412 321 muliemm.
1440 281 1560 329 ιριιοᾱ
1587 281 1671 323 eum

290 342 705 384 multi-Atheniensium
732 344 787 383 ita
812 344 1048 394 interpretati
1074 340 1210 393 essent,
1235 341 1347 394 quasi
1369 345 1433 384 ffi„
1446 344 1670 386 Salaminem

291 409 417 446 essent
451 407 594 446 cladem
634 408 842 457 accepturi,
883 407 1149 447 Themistocles
1183 418 1230 447 ex
1263 408 1365 458 ipsis
1387 408 1514 448 verbis·
1535 404 1567 445 ὦ
1589 409 1669 459 θείη

290 468 445 519 Σαλαμίς
462 473 747 519 argumentatus
773 473 843 518 est,
869 471 907 509 in
934 470 1061 510 hostes
1086 468 1297 511 valeredei
1322 468 1557 522 responsum:
1583 482 1671 511 nam

290 532 323 572 si
348 532 396 571 ad
420 532 665 573 Athenienses
690 536 889 583 spectaret,
918 533 1030 574 deum
1043 533 1268 575 Salaminem
1296 534 1671 585 non‘appellaturum

289 595 403 638 fuisse
429 595 539 646 θείην,
565 596 632 636 sed
659 596 822 647 σχετλίην
847 597 907 636 vel
935 596 1061 647 δειλήν.
1077 596 1129 642 ⁶⁹)
1181 598 1261 637 Iam
1287 605 1376 638 vero
1394 596 1543 647 Persae,
1569 600 1673 648 post-

290 669 402 709 quam
429 659 688 700 Themistoclis
722 660 982 710 interpretatio
1016 671 1106 700 vera
1132 662 1268 710 evasit,
1304 660 1493 701 habebant
1530 662 1670 711 utique,

290 734 357 761 cur
382 723 651 762 exclamarent:
688 720 720 760 ὧ
755 723 897 773 σχετλίη
926 724 1081 773 Σαλαμίς
1105 725 1165 763 vel
1190 721 1222 761 ὦ
1247 724 1345 774 δειλή
1372 725 1431 763 vel
1455 721 1487 761 ὧ
1513 726 1671 762 πλεῖστον

289 784 399 835 ἔχθος
435 783 546 835 ὄνομα
581 785 774 835 Σαλαμῖνος
807 784 933 823 κλύειν.
987 786 1070 833 Qua
1104 797 1194 826 vooe
1230 798 1275 825 ex
1302 781 1506 836 Aeschyleo
1539 786 1671 825 nuntio

288 849 418 888 audita
455 851 599 898 quanta
638 860 722 888 cum
755 849 1000 889 delectatione
1035 850 1072 888 in
1101 851 1261 889 cuiusvis
1288 850 1522 889 Atheniensis
1548 850 1671 888 animo

288 922 484 951 resonasse
510 913 622 961 putas
648 911 805 961 Pythiae
831 912 922 950 illud
948 907 979 948 ὦ
1004 911 1083 961 θείη
1110 911 1290 962 ΣαλαμίςῬ

394 974 480 1014 Non
504 975 685 1014 minorem
708 975 783 1014 vim
806 975 845 1014 in
859 975 1026 1014 versibus
1044 972 1283 1024 sequentibus
1298 976 1539 1024 (280-284)
1552 975 1672 1014 inesse

288 1037 534 1076 animadverti
550 1036 609 1085 ⁶⁰).
662 1037 825 1077 Nuntius
853 1038 1003 1087 quidem
1030 1038 1257 1087 simpliciter,
1290 1036 1444 1087 opinor,
1470 1038 1670 1077 exclamat:

289 1105 356 1152 φεῦ
384 1105 453 1139 τῶν
476 1095 640 1151 Ἀθηνῶν
668 1098 719 1145 ὡς
746 1098 861 1139 στένω·
889 1098 1102 1152 μεμνημένος
1117 1100 1179 1151 ⁶¹).
1224 1100 1369 1142 Chorus
1395 1104 1519 1140 autem
1546 1101 1670 1142 statim

288 1165 326 1204 in
354 1165 571 1204 memoriam
608 1164 800 1204 incurrens
834 1165 954 1213 vocis,
989 1176 1100 1214 quam
1137 1165 1224 1204 olim
1238 1165 1387 1204 Darius
1414 1165 1578 1214 quotidie
1602 1164 1673 1204 sibi

287 1228 485 1267 acclamari
496 1228 665 1275 iusserat,
693 1225 860 1276 δέσποτα,
882 1225 1090 1278 μέμνεστῶν
1112 1222 1314 1277 Ἀθηναίων
1328 1226 1390 1277 ⁶²),
1419 1238 1502 1266 cum
1530 1227 1674 1266 occulta

288 1292 402 1331 animi
442 1292 645 1331 acerbitate
688 1292 825 1341 repetit
865 1290 1062 1341 μεμνῆσθαί
1096 1304 1151 1329 τοι
1189 1287 1306 1340 πείρας
1349 1291 1534 1338 ,nimirum
1574 1300 1672 1329 nunc

287 1353 484 1403 habemus,
522 1365 588 1393 cur
622 1355 899 1394 meminerimus
935 1354 1165 1393 Athenarum
1207 1355 1265 1404 (at
1300 1365 1375 1393 non
1411 1364 1495 1392 cum
1530 1354 1670 1403 impetu

287 1417 412 1466 feroci,
440 1418 752 1468 quemadmodum
767 1418 903 1456 Darius
930 1417 1030 1465 olim,
1050 1427 1178 1456 verum
1206 1427 1290 1456 cum
1317 1417 1421 1466 gravi
1447 1415 1671 1456 infirmitatis

288 1481 453 1530 sensu)‘:
482 1479 533 1525 ὡς
561 1479 700 1525 πολλὰς
725 1481 904 1531 Περσίδων
932 1477 1042 1530 μάταν
1069 1480 1209 1518 ἔκτισαν
1236 1479 1371 1524 εὔνιδας
1397 1475 1455 1530 ἠδ’
1481 1476 1672 1530 ἀνάνδρους

289 1540 484 1595 (Ἀθᾶναι).
537 1544 723 1594 Exprimit
748 1544 883 1583 acerba
908 1555 980 1583 vox
993 1544 1159 1583 dolorem
1177 1544 1396 1590 maximum3
1426 1543 1669 1584 Athenienses

287 1611 426 1656 autem,
453 1608 544 1647 mihi
571 1607 693 1656 crede,
722 1619 796 1647 non
824 1608 956 1656 exiguo
983 1606 1106 1646 affecit
1131 1607 1279 1657 gaudio.

348 1860 411 1912 Vl.
477 1860 534 1911 lle
567 1860 790 1924 utriusque
830 1860 989 1911 classis
1023 1872 1196 1911 summa
1228 1860 1290 1923 (v.
1323 1859 1606 1921 333—338).

391 1988 575 2037 Quoniam
603 1989 649 2028 de
677 1989 832 2029 ducibus
869 1989 985 2029 caesis
1011 1999 1125 2039 supra
1150 1989 1225 2028 iam
1252 1988 1412 2038 egimus,
1444 1998 1552 2036 nunc,
1580 1988 1668 2037 quid

285 2054 332 2093 de
358 2054 553 2103 utriusque
580 2054 708 2093 classis
734 2065 881 2093 summa
906 2053 1057 2092 nuntius
1085 2053 1195 2100 dicat,
1221 2052 1423 2092 videamus.
1528 2041 1530 2043 ’

388 2116 558 2156 Fuerunt
583 2117 708 2166 igitur,
744 2119 787 2156 ut
816 2116 949 2165 refert,
978 2116 1131 2156 Graecis
1156 2126 1270 2155 naves
1297 2115 1442 2155 circiter
1466 2117 1667 2162 trecentae,

389 2254 435 2304 ⁵⁹)
464 2257 547 2292 Her.
577 2257 657 2299 VII,
691 2260 755 2291 141
791 2268 876 2302 sqq3
905 2257 996 2293 Plut.
1024 2257 1147 2292 Them.
1182 2256 1240 2292 10.

388 2307 435 2357 ⁶⁰)
463 2310 591 2346 Postea
619 2310 709 2354 vidi,
748 2309 792 2345 ad
830 2312 978 2356 primum
1019 2309 1157 2356 quidem
1185 2319 1325 2344 versum
1352 2307 1456 2354 (280)
1481 2306 1572 2343 idem
1599 2308 1667 2342 iam

281 2363 566 2399 animadvertisse
609 2363 868 2398 Volckmarium
913 2361 953 2409 (l.
999 2363 1021 2399 l.
1067 2374 1102 2407 p.·
1146 2361 1247 2407 668).
1291 2361 1512 2396 Volekmario
1551 2365 1667 2394 autem

280 2416 362 2451 licet
403 2415 540 2459 videre,
578 2414 623 2450 ad
665 2426 699 2451 v.
730 2416 804 2450 826
847 2414 939 2449 idem
978 2419 1082 2460 atque
1123 2415 1235 2459 ipsum
1274 2414 1342 2448 iam
1383 2411 1667 2447 animadvertisse
1737 2413 1740 2415 '

280 2467 498 2505 Siebelisium
526 2466 578 2515 (p.
610 2467 691 2514 87);
721 2468 763 2503 cf.
791 2479 826 2503 n.
860 2469 943 2503 146.

386 2517 432 2567 ⁶¹)
460 2521 550 2557 Vide
577 2525 696 2556 notam
723 2520 826 2558 XIV.

385 2571 432 2623 ⁶²)
459 2574 541 2612 Her.
572 2574 616 2618 V,
650 2575 732 2613 105.
