1844 2859
769 112 817 149 31

107 251 192 286 aaz
207 239 399 290 disposita.
412 236 617 277 secundm
652 235 758 276 littus
784 234 951 275 Atticmn
977 238 1104 275 totum·
1124 235 1263 275 fretum
1287 239 1489 286 occuparet

108 313 146 348 et
170 305 310 345 exitum
335 302 415 340 eius
428 299 479 338 ed
503 298 696 338 meridiem
710 298 1197 347 vergentem-praecluderet
1223 300 1274 348 (v.
1303 301 1374 338 361
1392 301 1490 347 sq),-

107 370 272 419 reliquae
285 374 399 404 naves
428 384 479 391 --
496 364 577 401 erat
589 372 705 403 cornu
721 362 761 401 in
782 361 1011 402 occidentem
1025 365 1212 411 spectans,
1241 361 1412 401 dextrum
1438 383 1490 390 —

111 432 278 474 insulam·
294 428 463 477 (praeter
495 428 660 465 veterem
686 424 928 474 Salaminem,
958 425 1166 474 Budorum,
1192 425 1423 474 Eleusinem)
1439 424 1488 474 ⁸¹)

111 493 375 539 circumvectae
401 490 452 540 (v.
481 489 575 539 363)
600 488 686 529 freti
722 489 862 528 eximin
897 489 935 528 in
962 490 1233 539 septentriones
1258 492 1489 539 spectantem

108 556 389 613 praecluderent
432 554 642 602 iterumque
676 553 848 593 dextrum
882 554 1012 593 elassis
1047 564 1163 593 cornu
1202 553 1413 593 obtinerent
1426 551 1488 603 ⁸²),

110 621 260 664 Grotius
285 617 369 667 (ΠΙ,
401 620 470 657 101
501 619 577 666 eq.)
604 620 642 655 et
676 615 827 656 Curtius
862 616 927 666 (Π,
956 616 1036 666 69),
1064 617 1128 666 qui
1152 619 1289 666 putant
1320 617 1389 655 has
1422 627 1491 665 per

42 710 51 717 .
108 688 249 731 foetum
266 692 385 731 usque
410 681 458 720 ad
493 680 632 720 exitum
670 681 748 720 eius
786 680 826 720 in
851 680 1124 731 septentriones
1149 683 1381 730 spectantem
1407 690 1489 719 esse

107 748 315 798 promotas,
337 743 539 794 quomodo
572 743 795 783 sententiam
832 754 938 782 snam
966 754 1049 782 cum
1078 743 1249 792 Aeschyli
1275 744 1489 784 narratione

107 809 310 856 concilient,
339 806 509 858 equidem
534 807 714 857 indagare
744 818 819 847 non
845 818 1009 856 possum.
1065 806 1196 857 Neque
1220 807 1319 846 enim
1346 809 1489 846 motum

106 876 217 914 istum
243 873 356 921 poeta
368 871 522 910 dixisset
533 869 671 909 factum
685 881 767 909 esse
784 869 914 924 κύκλῳ
931 874 1036 920 νῆσον
1063 869 1211 914 Αἴαντος
1236 868 1334 920 πέριξ
1366 882 1488 920 neque

106 935 311 988 posteriore
359 934 440 973 loco
490 937 835 982 commemorasset,
886 944 995 982 quem
1042 945 1193 974 necesse
1232 933 1363 973 fuisset
1399 938 1489 973 aute

107 1000 262 1039 alterum
308 996 402 1036 fieri.
454 997 593 1036 Poetae
633 998 893 1041 auctoritatem
934 996 993 1036 hic
1034 1009 1114 1037 esse
1154 1009 1337 1037 summam
1378 1009 1488 1037 nemo

105 1061 265 1112 negabit.
319 1060 415 1099 Nam
451 1063 490 1100 et
520 1060 601 1110 ipse
643 1060 754 1100 rebus
789 1060 860 1099 illis
896 1059 1016 1099 adfuit
1050 1072 1118 1099 nec
1142 1071 1233 1100 sane
1259 1060 1320 1100 hic
1344 1059 1486 1118 habuit,

105 1136 170 1164 cur
203 1136 227 1163 a
265 1124 422 1163 veritate
456 1124 659 1163 recederet.
719 1124 956 1173 Quapropter
995 1124 1032 1163 id
1072 1135 1218 1173 quoque
1264 1124 1488 1163 credendum

104 1191 178 1237 est,
216 1199 441 1238 quamquam
475 1199 498 1226 a
532 1199 656 1227 rerum
693 1187 933 1237 scriptoribus
969 1198 1044 1226 non
1080 1190 1324 1234 memoratur,
1352 1188 1487 1227 molem

104 1251 229 1290 classis
274 1251 455 1290 barbarae
507 1262 575 1300 per
615 1254 691 1290 tres
740 1251 889 1290 ordines
929 1251 1148 1290 instructam
1187 1250 1312 1290 fuisse.
1380 1251 1487 1298 Quod

104 1314 274 1365 Aeschyli
318 1314 457 1354 dictum
500 1313 649 1354 Curtius
691 1314 840 1353 demum
882 1314 920 1353 in
960 1314 1247 1365 descriptionem
1286 1314 1488 1364 assumpsit

106 1378 172 1428 (Π,
201 1378 281 1428 71).
333 1378 473 1418 Dubito
508 1381 634 1417 autem
669 1378 841 1427 equidem
871 1390 940 1427 pro
967 1388 1085 1427 aeque
1111 1380 1212 1417 certo
1238 1377 1377 1417 habere
1402 1389 1485 1417 cum

106 1441 239 1482 Grotio
253 1440 294 1492 (l.
321 1441 389 1491 l.)-‚
416 1440 518 1491 qued
552 1441 705 1481 nuntius
731 1440 958 1491 Aeschyleus
985 1440 1107 1489 addit,
1134 1451 1260 1481 rerum
1286 1441 1486 1492 scriptores

107 1517 182 1547 non
219 1504 518 1555 item,.Xerxem
558 1505 815 1554 denuntiasse,
856 1507 900 1545 ut
939 1515 1067 1545 omnes
1102 1505 1234 1554 duces,
1261 1505 1292 1545 si
1322 1503 1487 1556 fugiendi

108 1569 251 1624 copiam
264 1568 418 1612 Graecis
429 1568 699 1618 praebuissent,
713 1568 892 1620 supplicio
906 1567 1141 1610 afficerentur
1168 1569 1219 1619 (v.
1248 1570 1485 1619 364—366).

107 1632 269 1675 Possunt
302 1632 401 1674 euim
436 1643 502 1673 eae
537 1632 660 1675 minae
694 1643 718 1671 a
755 1635 869 1682 poeta
904 1643 986 1673 esse
1013 1632 1212 1680 inventae,
1250 1632 1423 1682 quoniam
1450 1639 1489 1672 et

107 1706 177 1745 per
201 1707 242 1737 se
267 1696 420 1735 minime
429 1695 683 1735 abhorrebant
706 1706 731 1734 a
755 1695 1016 1745 reginbarbari
1029 1695 1184 1735 saevitia
1209 1698 1248 1734 et
1273 1696 1488 1745 aptissime

108 1762 217 1797 erant
242 1759 290 1798 ad
316 1758 490 1799 sublimes
503 1758 685 1798 libertatis
711 1769 756 1797 ac
782 1759 1035 1808 praestantiae
1046 1769 1178 1798 sensus
1203 1758 1242 1798 iu
1259 1758 1486 1799 Graecorum

109 1821 240 1865 animis
267 1821 491 1862 excitandos.

212 1885 330 1926 Poeta
353 1886 525 1927 nuntium
551 1885 718 1937 exposito
731 1886 868 1928 Xerxis
892 1887 1045 1928 consilio
1068 1887 1215 1939 copiose
1240 1887 1487 1928 illustrantem

108 1949 197 1992 facit
222 1950 402 1993 barbarae
428 1950 554 1996 classis
588 1953 793 2001 apparatus
828 1952 879 2001 (v.
920 1951 1163 1999 369-3,78);
1200 1962 1222 1990 e
1252 1951 1384 2001 quibus
1410 1950 1488 1990 fere

109 2025 180 2054 usu
204 2014 396 2054 venientes
416 2024 439 2053 a
465 2025 588 2053 rerum
618 2014 863 2064 scriptoribus
887 2015 1020 2054 merito
1046 2015 1280 2055 omittuntur.
1332 2015 1488 2055 Barbari

111 2080 268 2116 coenant
294 2077 380 2127 (sub
404 2077 636 2127 voeperum);
674 2078 832 2128 remiges
867 2089 989 2118 remos
1016 2079 1113 2118 circa
1138 2079 1296 2118 scalmos
1322 2079 1487 2128 struppis

110 2140 289 2192 religant;
337 2143 424 2190 post
455 2140 543 2180 solis
579 2151 750 2180 occasum
784 2150 897 2181 naves
932 2141 1247 2189 conscenduntur;
1275 2141 1488 2181 classiculae

111 2202 209 2243 inter
233 2214 275 2243 se
288 2206 462 2252 evocaut;
492 2204 579 2244 dum
608 2214 723 2245 cornu
737 2205 907 2245 dextrum
935 2205 1069 2244 circum
1088 2205 1246 2245 insulam
1273 2205 1486 2256 navigatum

218 2330 264 2379 ⁸¹)
291 2334 382 2370 Vide
408 2335 562 2371 chartam
589 2345 726 2380 pugnae
752 2334 959 2371 Salaminiae
986 2335 1200 2372 Grotiansm.

219 2383 269 2434 ⁸²)
297 2386 398 2423 Hei-‚z
438 2383 558 2434 ἐπειδὴ
597 2383 745 2433 ἐγίνοντο
771 2382 875 2435 μέσαι
912 2384 1053 2433 νύκτες,
1099 2384 1225 2435 ἀνῆγον
1251 2385 1312 2436 μὲν
1348 2385 1389 2424 τὸ
1430 2381 1486 2424 ἀπ’

113 2434 266 2487 ἑσπέρης
305 2435 412 2488 κέρας
451 2436 678 2487 κυκλούμενοι
727 2436 816 2488 πρὸς
867 2437 929 2489 τὴν
971 2439 1157 2489 Σαλαμῖνα·
1196 2435 1330 2489 ἀπῆγον
1370 2436 1410 2477 δὲ
1454 2437 1489 2477 οἱ

115 2486 204 2538 ἀμφὶ
238 2489 301 2539 τὴν
328 2487 416 2529 Κέον
452 2504 491 2528 τε
517 2488 577 2527 καὶ
602 2489 664 2539 τὴν
692 2489 998 2541 Κυνόσουραν-(οῖ.
1027 2493 1125 2529 Grot.
1152 2494 1217 2538 111,
1249 2495 1331 2537 102,
1356 2505 1391 2530 n.
1421 2493 1488 2542 53)

112 2538 326 2591 τεταγμένοι·
352 2540 512 2592 κατεῖχόν
549 2555 588 2580 τε
626 2539 730 2593 μέχρι
755 2542 954 2594 Μουνυχίης
991 2540 1105 2582 πάντα
1140 2542 1200 2582 τὸν
1226 2542 1384 2594 πορθμὸν
1411 2548 1489 2595 τῇσι

114 2593 223 2643 νηυσί.
251 2596 294 2633 cs.
324 2597 460 2634 Dunck.
488 2597 551 2641 IV,
580 2598 653 2633 793
681 2608 734 2643 eq.
