1844 2859
812 133 857 171 71

146 261 220 300 ἔστι
258 263 443 311 συμφορᾶς
478 258 602 307 διπλῆς
649 257 705 306 (et
740 257 786 305 Q.
829 256 980 297 Giut‘ms
1001 256 1133 295 *Rufus
1170 256 1244 304 III,
1274 258 1343 295 28:
1375 257 1522 305 „omnia

144 324 296 375 planetu
330 322 587 370 tumultuque,
623 324 735 370 prout
768 321 902 369 cuique
935 320 1086 360 for-tima
1112 323 1204 368 erat,
1232 319 1520 368 repleverant“).

146 377 349 428 Hermauni
385 383 598 426 emendatio
646 394 699 422 eo·
742 383 863 431 magis
911 383 1212 440 commendatur,
1259 394 1332 430 quo
1381 381 1522 420 facilius

146 449 367 501 καυχήμασιν
393 447 497 492 abite
516 448 681 498 -tpoterat
715 445 754 487 in
780 445 954 487 usitatius
981 457 1026 486 ac
1052 445 1211 488 fortasse
1238 457 1283 484 ex
1309 456 1416 503 versu
1447 447 1520 484 327

146 513 346 558 memoriae
389 510 590 557 ⁴inhaerens
640 510 861 558 nuncupatum:
916 510 1226 558 (Blomfieldium,
1277 511 1341 558 qui
1379 509 1525 557 putavit

147 573 372 627 &menapud
400 576 555 623 >poetas
573 572 738 612 scenicos
772 583 968 622 nusquam
990 573 1115 612 valere
1145 583 1242 621 „una
1270 573 1393 620 cum“,
1428 570 1526 619 fugit

136 640 247 678 *locus
274 636 466 685 Sophoclis
493 636 585 675 Oed.
614 636 692 675 Col.
720 649 753 674 v.
784 640 860 677 949
887 630 965 686 τῇδ’
994 633 1083 685 ὁμοῦ
1110 635 1211 673 ναίειν
1238 633 1366 683 πόλει.)

249 698 388 738 XVIII.
442 698 505 748 (V.
533 702 609 740 452
638 701 741 749 sqq.)
767 699 812 737 hi
828 699 898 740 hoc
913 700 994 739 loco
1009 699 1226 748 explicando
1251 699 1378 737 multis
1404 698 1523 736 modis

144 766 338 814 pometum
359 762 475 802 estab
498 757 774 811 interpretibus.
818 762 1045 812 Droysenius
1057 763 1184 800 vertit:
1211 761 1323 810 »(ῶὶε
1337 760 1523 809 (bruchen)

144 837 313 877 nmfiogen
349 825 448 866 baim
475 825 531 866 bie
563 825 673 875 &niel
709 826 835 876 ring&
872 825 962 875 nicht
998 825 1129 873 {unbeu
1165 825 1210 872 iic
1245 827 1312 865 beu
1344 824 1416 867 Dtt
1446 834 1522 873 gum

146 888 304 941 ffluqtiff,
331 890 378 929 ba
405 888 460 930 bie
473 886 860 940 binaligefdyleuberten
873 888 1060 940 ῗςοῑὸῖῆὶᾶε
1083 888 1309 938 niebettiifen
1336 900 1371 928 u.
1398 888 1424 934 i.
1451 889 1519 927 m.“

146 953 252 999 Quod
266 955 409 990 rectum
422 955 533 998 esset,
561 953 592 990 si
607 952 796 999 legeretur
814 950 902 1002 ἀμφὶ
929 950 969 989 δὲ
982 954 1174 990 κυκλοῦντο
1188 957 1301 990 πᾶσαν
1328 955 1431 1001 νῆσον
1448 949 1522 998 ¹⁸⁰)·

145 1014 195 1060 ὡς
234 1011 437 1066 ἠμηχάνουν
473 1028 505 1053 κ.
548 1028 577 1053 τ.
613 1016 644 1053 λ.
713 1016 763 1054 At
802 1016 977 1065 quoniam
1016 1016 1152 1065 legitur
1191 1010 1271 1053 ὥστ’
1318 1012 1519 1066 ἀμηχανεῖν,

143 1090 296 1128 prorsus
321 1090 498 1127 perversa
525 1082 583 1117 est
610 1079 740 1118 versio.
780 1079 896 1118 Recte
911 1080 986 1117 iam
999 1080 1185 1129 glossator
1211 1080 1345 1118 codicis
1366 1077 1521 1116 Medicei

145 1141 193 1181 ad
219 1139 406 1191 ἀμηχανεῖν
443 1141 625 1181 intellexit
658 1140 741 1186 τοὺς
776 1139 914 1191 Πέρσας
951 1141 1013 1192 (cf.
1040 1154 1073 1180 v.
1113 1145 1187 1181 726
1225 1145 1304 1191 φεῦ,
1338 1138 1445 1191 μέγας
1471 1153 1521 1183 τις

144 1201 234 1253 ἦλθε
259 1203 402 1253 δαίμων,
427 1202 521 1242 ὥστε
547 1204 596 1254 μὴ
624 1209 760 1254 φρονεῖν
782 1206 902 1248 καλῶς
924 1205 1003 1244 scil.
1020 1204 1079 1243 τὸν
1108 1203 1271 1255 Ξέρξην).
1325 1204 1526 1252 Sequentia

145 1267 345 1306 turbarunt
382 1267 597 1316 Schntzius,
629 1268 711 1315 alii,
739 1268 839 1307 verbi
876 1265 1077 1318 ἠράσσαντο
1107 1268 1310 1307 subiectum
1352 1271 1391 1305 et
1424 1266 1525 1305 verbi

144 1329 306 1369 ὤλλυσαν
336 1330 520 1371 obiectum
547 1331 681 1371 Persas
718 1342 800 1372 esse
826 1328 928 1372 rati·
966 1332 1061 1371 Nam
1100 1333 1183 1382 quis
1209 1331 1338 1371 credat
1363 1330 1525 1370 Graecos

149 1393 332 1443 lapidibus
359 1405 446 1433 usos
473 1405 554 1433 esse
579 1394 759 1434 adversus
785 1394 919 1435 Persas
950 1396 1081 1435 altiore
1108 1396 1189 1434 loco
1216 1394 1386 1434 stantes?
1409 1395 1527 1432 Arcus

150 1460 276 1497 autem
301 1457 532 1507 sagittasque
559 1457 693 1497 Graeci
718 1458 757 1496 in
783 1458 942 1497 insulam
969 1458 1113 1497 traiecti
1140 1458 1289 1497 omnino
1321 1468 1395 1496 non
1421 1466 1527 1506 gere-

150 1521 251 1567 bant,
279 1520 461 1569 siquidem
483 1524 591 1560 erant
618 1518 755 1559 ὁπλῖται
781 1522 833 1570 [v.
860 1525 934 1560 451
965 1533 1042 1570 sq.;
1071 1521 1160 1559 Her.
1189 1521 1291 1568 VIII,
1331 1525 1401 1567 953
1428 1519 1525 1558 Plut.

151 1583 265 1623 Arist.
292 1584 346 1632 9),
374 1621 377 1624 .
400 1582 483 1623 Hoc
508 1583 656 1633 quidem
685 1583 778 1623 vidit
813 1584 1024 1624 Siebelisius
1051 1585 1105 1634 (p.
1137 1585 1248 1634 116);
1276 1583 1376 1634 quod
1401 1587 1527 1622 tamen

151 1645 315 1685 ὤλλυσαν
353 1647 587 1686 intransitive
634 1648 777 1696 accepit
824 1659 867 1686 ac
911 1648 1022 1688 vertit
1065 1648 1280 1697 „peribant“
1338 1648 1391 1696 (p.
1441 1646 1526 1694 sq.),

152 1713 293 1748 temere
313 1708 413 1749 fecit.
468 1708 603 1749 Totum
630 1710 752 1750 locum
781 1721 864 1750 cum
886 1710 1033 1750 Prienio
1061 1711 1114 1761 (p.
1145 1710 1237 1759 211)
1266 1713 1304 1749 et
1330 1709 1527 1748 Dunckero

152 1771 233 1821 (IV,
262 1773 357 1822 800)
391 1773 444 1812 sic
472 1774 631 1822 explico:
670 1774 862 1823 „(Graeci)
898 1776 1093 1813 cinxerunt
1127 1778 1245 1814 totam
1280 1773 1451 1820 insulam,
1487 1775 1529 1810 ut

151 1847 225 1876 non
259 1835 441 1877 haberent
453 1836 634 1886 (Persae),
665 1848 737 1886 quo
760 1848 801 1876 se
823 1840 1022 1877 verterent.
1076 1837 1247 1886 Namque
1261 1836 1365 1875 initio
1380 1835 1528 1885 quidem

151 1899 308 1940 multum
342 1900 525 1950 lapidibus
564 1912 678 1941 manu
713 1901 836 1941 missis
867 1901 1170 1951 percutiebantur
1202 1900 1369 1950 (Graeci)
1395 1900 1443 1939 ab
1469 1910 1528 1938 ar-

152 1973 335 2012 cuumque
369 1963 492 2003 nervis
519 1964 679 2012 sagittae
713 1964 758 2003 iis
793 1963 955 2003 inflictae
990 1964 1197 2013 perdebant
1231 1974 1313 2002 eos:
1340 1966 1529 2012 postremo

152 2037 241 2066 vero
280 2027 376 2067 etc.“
420 2026 481 2066 Sic
520 2027 645 2067 omnia
682 2029 785 2066 recta
829 2038 874 2067 ac
913 2038 1005 2067 sana
1041 2029 1139 2067 sunt.
1206 2025 1344 2074 Nemo,
1386 2025 1529 2076 opinor,

152 2090 348 2129 mirabitur
394 2089 528 2129 Persas
576 2091 761 2139 lapidibus
808 2091 1027 2139 sagittiswe
1076 2090 1318 2129 ascendentes
1368 2089 1530 2128 Graecos

154 2152 364 2202 excepisse:
389 2163 539 2192 necesse
564 2152 679 2193 fuisse
696 2164 759 2193 eos
786 2154 822 2192 in
851 2153 971 2193 insula
990 2153 1207 2192 interclusos
1234 2164 1277 2191 ac
1304 2152 1415 2191 saluti
1442 2163 1531 2191 suae

153 2215 394 2264 desperantes
421 2227 533 2265 quam
558 2217 759 2257 fortissime
784 2218 959 2258 resistere
986 2218 1021 2255 in
1043 2217 1353 2255 commentatione
1366 2216 1530 2265 exposui.

153 2278 370 2327 Praeterea,¹
391 2290 474 2319 cum
500 2280 538 2318 in
573 2279 797 2327 Schutziana
830 2280 1138 2329 interpretatione
1173 2280 1233 2318 vix
1265 2279 1376 2318 liceat
1401 2278 1530 2325 videri,

154 2342 247 2391 quidv
267 2342 336 2382 sibi
371 2342 459 2383 velit
493 2342 599 2383 fortis
640 2343 705 2383 illa
730 2344 914 2394 oppositio
949 2355 1017 2394 per
1053 2340 1114 2393 μέν
1156 2346 1195 2383 et
1227 2340 1328 2387 τέλος
1356 2339 1395 2380 δέ
1421 2341 1531 2389 facta,

262 2498 323 2548 ¹⁸⁶)
353 2502 472 2538 Potest
497 2503 530 2538 id
558 2513 642 2539 sane
670 2513 757 2546 eam,
785 2514 889 2549 quam
919 2504 1130 2548 Droysenius
1158 2503 1241 2546 vult,
1269 2503 1397 2539 habere
1424 2504 1531 2549 signi-

155 2552 364 2599 ficatlaheQ
380 2574 382 2578 ν
398 2555 546 2591 seilicet:
587 2557 813 2592 circumibant
850 2561 959 2591 totam
994 2556 1159 2600 insulam,
1186 2554 1232 2599 ste
1257 2564 1364 2605 angen
1390 2565 1451 2594 um
1477 2553 1531 2592 bie

156 2614 263 2653 gange
276 2605 545 2656 &nfel'betum3
576 2609 619 2645 ef.
635 2608 770 2645 Gallim.
800 2609 900 2645 Dian.
931 2611 1002 2644 267
1019 2604 1097 2656 περὶ
1123 2606 1241 2656 βωμὸν
1269 2603 1531 2645 κυκλώσασθαι.
