1844 2859
295 175 572 217 Corinthiorum
587 187 703 217 naves
715 182 779 227 40,
807 182 850 218 ut
861 178 951 228 fuga
967 171 1132 227 avectae,
1145 189 1175 218 a
1195 178 1598 230 mmtionegliguntur)
1610 176 1681 230 ⁸⁵)·;

294 252 382 280 nam
410 252 484 290 quo
511 241 634 281 minor
659 240 813 291 fingitur
849 242 977 282 classis
1003 242 1252 290 Graecorum,
1280 245 1387 282 tanto
1412 243 1532 282 maior
1557 242 1683 282 evadit

295 314 424 343 eorum
459 304 598 353 gloria,
637 315 750 355 quam
786 305 936 354 quidem
970 315 1111 354 augere
1150 304 1322 354 Aeschyli
1358 305 1519 345 maximo
1570 316 1683 354 opere

293 366 462 406 interest.

387 429 541 471 Eadem
569 430 617 471 de
643 433 773 479 causa,
801 432 942 471 scilicet
976 435 1020 471 ut
1045 431 1275 471 Graecorum
1301 432 1458 482 gloriam
1485 431 1682 481 adaugeat,

292 493 474 532 barbarae
499 493 628 534 classis
654 504 729 533 non
757 495 992 544 tempestatis
1029 497 1069 533 et
1094 495 1179 534 belli
1207 495 1479 535 calamitatibus
1505 495 1682 543 minutae,

294 556 413 611 qualis
453 556 502 597 ad
542 557 766 599 Salaminem
806 559 1004 609 pugnavit,
1051 568 1235 599 summam
1274 558 1419 609 profert
1456 558 1573 610 (quod
1612 557 1683 599 hoc

294 620 407 659 etiam
455 621 578 661 miuus
616 622 787 662 mirabile
828 622 940 662 debet
979 622 1116 670 videri,
1159 623 1260 672 quod
1309 623 1356 662 de
1396 623 1680 672 calamitatibus,

294 694 390 734 quae
427 695 576 734 pugnae
614 685 839 727 Salaminiae
879 686 1172 735 antecesserunt,
1213 686 1364 727 omnino
1399 686 1523 726 nullus
1558 698 1682 727 sermo

294 747 385 796 est);
409 747 490 787 ‘sed
529 747 673 798 profert
714 760 897 789 summam
937 750 1065 790 classis
1103 750 1293 799 integrae,
1321 749 1440 799 qualis
1466 761 1512 787 ex
1539 748 1685 789 Helles-

293 814 409 859 ponto
470 811 594 852 solvit.
659 812 831 863 Namque
881 816 981 853 1207
1031 824 1145 852 naves
1194 814 1232 852 in
1283 812 1527 862 expeditionis
1577 813 1684 852 initio

294 873 409 913 Xerxi
445 875 559 915 fuisse
593 875 809 915 Herodotus
845 876 960 915 refert
988 876 1098 926 (vn,
1127 879 1176 915 89
1205 880 1242 916 et
1273 876 1383 924 184),
1410 886 1568 924 quocum
1597 886 1685 915 con-

293 938 432 978 sentire
457 938 606 979 videtur
617 939 805 980 Diodorus
821 939 978 989 Siculus,
1008 939 1055 980 de
1069 939 1237 991 pluribus
1250 949 1363 990 quam
1387 938 1489 979 mille
1515 938 1684 981 ducentis

292 1003 449 1051 loquens
477 1003 560 1052 (XI,
590 1005 643 1053 3).
699 1005 841 1051 Quibus
867 1006 973 1043 littus
1008 1004 1189 1042 Thraciae
1214 1004 1423 1051 legentibus
1448 1006 1685 1042 accesserunt

297 1069 371 1106 120
398 1077 421 1105 a
444 1066 609 1116 Graecis,
628 1068 692 1118 qui
718 1078 763 1107 ea
789 1067 1019 1116 habitabant,
1047 1067 1250 1118 praestitae
1265 1065 1335 1117 ⁶⁶);
1362 1069 1495 1118 postea
1506 1066 1684 1117 Carystus

293 1134 331 1169 et
366 1131 565 1170 nonnullae
600 1131 802 1181 Cycladum
852 1133 1035 1171 miserunt
1068 1142 1182 1171 naves
1198 1130 1267 1180 ⁶⁷),
1308 1142 1404 1180 quae
1447 1130 1548 1170 haud
1575 1131 1685 1170 dubie

293 1204 478 1234 summum
508 1198 616 1234 erant
644 1198 706 1242 25,
733 1196 808 1243 ita,
838 1198 881 1233 ut
906 1198 1040 1244 putare
1067 1194 1177 1233 liceat
1203 1185 1320 1233 Xerxi
1345 1193 1547 1233 instructas
1571 1193 1685 1233 fiiisse

293 1258 439 1297 circiter
492 1262 604 1298 1350.
674 1258 887 1298 Secundum
929 1258 1163 1298 Herodotum
1212 1257 1495 1307 tempestatibus
1540 1257 1685 1297 deletae

292 1324 380 1359 sunt
408 1324 485 1360 400
512 1321 561 1360 ad
587 1321 693 1361 littus
706 1320 922 1370 Magnesiae
950 1320 1051 1371 (VII,
1083 1320 1186 1368 190),
1216 1323 1292 1360 200
1319 1319 1368 1359 ad
1384 1319 1484 1359 Cava
1510 1320 1686 1360 Euboeae

292 1384 410 1433 (VIII.
455 1387 521 1433 13,
564 1384 608 1424 cf.
653 1385 704 1434 7).
759 1384 833 1425 Sed
874 1385 1022 1424 videtur
1063 1385 1124 1424 ille
1163 1384 1211 1424 ad
1250 1384 1410 1434 primam
1450 1384 1685 1434 tempestatis

293 1448 543 1487 calamitatem
584 1451 801 1488 cunctorum
848 1449 928 1487 eius
968 1448 1115 1497 generis
1150 1448 1372 1486 damnorum
1407 1457 1591 1486 summam
1616 1458 1685 1497 per

292 1521 457 1551 errorem
491 1511 693 1552 rettulisse.
747 1511 875 1560 Certe,
913 1511 944 1551 si
995 1522 1079 1552 cum
1115 1510 1316 1551 Dunckero
1356 1510 1439 1560 (IV,
1472 1514 1547 1551 796
1574 1522 1612 1550 n.
1641 1511 1682 1560 3)

292 1575 442 1615 omnino
481 1579 560 1615 400
599 1579 746 1615 tantum
786 1576 1072 1626 tempestatibus
1111 1575 1266 1625 periisse
1306 1574 1561 1622 statuerimus,
1589 1573 1683 1613 haec

291 1642 421 1678 nostra
448 1639 545 1678 ratio
572 1638 721 1688 egregie
749 1643 927 1688 congruet
964 1650 1047 1678 cum
1080 1639 1210 1686 altera,
1239 1646 1351 1687 quam
1378 1637 1502 1688 paullo
1529 1636 1681 1676 inferius

291 1714 555 1754 proponemus.
610 1703 670 1742 Ad
699 1703 937 1743 Artemisium
979 1706 1067 1743 ante
1104 1702 1286 1753 proelium
1321 1714 1344 1741 a
1370 1701 1523 1743 Graecis
1550 1704 1681 1752 captae

291 1770 379 1807 sunt
409 1770 455 1806 15
474 1766 544 1816 6*³);
572 1768 691 1817 primo
719 1768 851 1817 proelii
879 1768 939 1807 die
968 1771 1017 1807 30
1033 1767 1098 1817 69);
1128 1768 1246 1807 altero
1263 1765 1310 1816 ⁷⁰)
1338 1769 1376 1805 et
1402 1766 1514 1806 tertio
1531 1765 1579 1815 ⁷¹)
1606 1777 1680 1805 non

291 1834 383 1880 puto
396 1830 481 1881 plus
513 1834 586 1870 100
601 1842 683 1871 esse
707 1834 939 1881 expugnatas
955 1829 1017 1881 ⁷²).
1070 1831 1171 1880 Ergo
1198 1829 1248 1870 ad
1264 1828 1489 1870 Salaminem
1515 1829 1680 1878 reliquae

398 1957 445 2007 ⁶⁵)
473 1960 703 1995 Athenienses
730 1960 935 2004 Corinthios,
961 1960 1020 2005 qni
1047 1968 1156 1994 naves
1183 1958 1362 1994 habebant
1390 1958 1439 1992 40
1468 1956 1564 2004 (Her.
1581 1955 1680 2003 VIII,

293 2015 353 2058 43,
381 2013 424 2050 cf.
447 2013 482 2062 1)
510 2015 649 2049 ineunte
676 2014 806 2059 proelio
834 2014 961 2059 fugisse
989 2012 1202 2057 dictitabant,
1229 2012 1332 2047 ceteri
1352 2010 1476 2047 Graeci
1504 2011 1680 2057 negabant

291 2065 403 2115 (ibid,
432 2068 507 2114 94).
562 2067 638 2111 Ego
667 2075 745 2103 cum
770 2067 956 2103 Dunckero
984 2063 1060 2112 (IV,
1091 2064 1179 2111 797)
1207 2069 1290 2110 puto
1319 2063 1513 2100 Corinthios
1540 2065 1679 2100 ineunte

290 2120 420 2166 proelio
457 2121 656 2165 longissime
683 2122 717 2154 in
745 2121 888 2166 puppim
915 2120 1104 2165 remigasse
1131 2117 1279 2164 indeque
1307 2122 1420 2153 ortum
1447 2126 1524 2153 esse
1551 2118 1678 2153 crimen

290 2173 374 2209 illud
402 2174 447 2209 ab
477 2173 748 2209 Atheniensibus
776 2176 903 2209 tritum.
1076 2177 1079 2180 '

397 2223 443 2272 ⁶⁶)
473 2226 556 2262 Her.
585 2225 666 2270 VII,
698 2227 782 2262 185.

396 2276 447 2326 ⁶⁷)
474 2278 521 2315 id.
552 2277 651 2322 VIII,
679 2279 740 2314 66.

395 2328 442 2377 ⁶⁸)
471 2331 553 2367 Her.
584 2330 664 2375 VII,
696 2331 779 2368 194.

396 2381 441 2428 ⁶⁹)
468 2384 516 2420 id.
546 2383 644 2427 VIII,
676 2386 732 2419 11.

398 2434 444 2485 ⁷⁰)
470 2436 566 2482 ibid,
599 2438 656 2473 14.

398 2488 443 2537 71)
470 2490 566 2534 ibid,
598 2491 656 2527 ιθ.

396 2539 443 2592 ⁷²>
471 2543 677 2580 Dunckerus
704 2543 728 2579 l.
754 2542 778 2579 1.
807 2540 902 2578 dion:
933 2541 1035 2590 „met
1062 2537 1205 2589 iiletluft
1231 2538 1325 2581 Beim
1340 2538 1557 2586 immisisti
1582 2538 1675 2580 mitt>
