1844 2859
751 131 800 167 29

86 265 277 306 auctorem
299 254 501 305 respondet
524 253 674 302 iamque
698 252 748 291 ad
773 263 853 291 rem
875 262 1023 291 omnem
1049 251 1178 290 ordine
1205 253 1458 301 exponendam

86 321 300 376 aaemditu·
318 319 394 368 (vv
405 315 641 365 345-.—·349).

189 393 343 434 Orditur
355 389 605 428 narrationem
632 389 680 428 ab
692 389 828 438 inclyto
855 388 919 427 illo
945 388 1048 435 dolo;
1077 392 1115 427 et
1133 390 1266 428 merito
1292 389 1460 439 quidem3

87 457 259 503 sementis
308 453 405 492 enim
452 451 522 490 fuit
572 451 685 491 cladis
728 451 983 493 barbarorum.
1049 451 1149 491 Dicit
1187 453 1339 492 nuntius
1378 464 1462 491 eum

88 523 254 565 effectum
289 526 371 555 esse
407 526 475 565 per
500 515 621 553 virum
649 514 852 562 Graecum,
881 526 926 552 ex
953 514 1232 553 Atheniensium
1258 516 1388 554 castris
1416 516 1463 554 ad

88 588 246 627 Xerxem
272 579 478 630 profectum
505 580 555 628 (v.
580 581 657 618 350
678 590 747 627 sq.‚
777 581 852 618 356
879 577 966 627 sq.).
1019 578 1188 618 Sicinnus
1215 583 1307 627 erat,
1335 590 1463 619 servus

90 654 125 690 et
146 653 149 655 ’
175 646 334 685 filiorum
386 642 623 692 paedagogus
673 640 948 688 Themistoclis,
1002 644 1045 680 ut
1090 641 1302 682 Herodotus
1350 641 1465 681 refert

89 709 203 763 (VIII,
233 707 312 756 75),
338 704 734 756 ἰῐθιῐιᾳιιθΡΙιιῐατοῘιιιε
762 704 907 756 (Tbem.
926 704 1003 754 12),
1033 706 1095 755 qui
1117 709 1242 745 tamen
1270 706 1317 745 de
1342 707 1465 756 patria

87 776 163 814 eius
189 772 236 811 ab
263 769 443 819 Aeschylo
471 769 658 816 dissentit;
689 769 778 807 dicit
804 769 902 807 enim
921 768 1074 808 Persam
1101 780 1185 807 eum
1210 769 1324 808 fuisse
1350 770 1463 819 (bello

87 833 263 886 captum).
330 833 438 879 Quod
473 833 554 870 iure
590 831 784 871 addubitat
819 831 972 871 Grotius
1016 831 1107 881 (111,
1148 833 1238 881 100)
1282 836 1463 882 putatque

87 910 170 938 eum
196 896 381 937 Graecum
394 895 508 935 fuisse
534 906 580 934 ex
593 895 683 935 Asia
703 894 913 943 oriundum,
928 894 1101 934 Persicae
1128 895 1277 944 linguae
1303 906 1463 944 gnarum

87 959 445 1012 (fortasse²⁵10nicae
491 958 701 998 rebellionis
752 962 917 1007 tempore
956 958 1023 997 sub
1066 969 1202 997 corona
1240 959 1460 1008 venditum).

86 1024 269 1072 Ceterum,
298 1022 443 1062 etiamsi
454 1032 583 1062 verum
611 1023 719 1070 esset,
747 1022 847 1071 quod
871 1020 988 1061 refert
1003 1021 1234 1069 Plutarchus,
1262 1022 1462 1072 Aeschylus

84 1088 177 1128 scite
199 1086 358 1134 fecisset,
386 1086 486 1135 quod
512 1096 536 1125 a
565 1086 722 1125 veritate
747 1085 952 1135 paullulum
987 1086 1199 1125 recessisset
1223 1089 1338 1136 atque
1363 1088 1464 1125 omni

85 1161 131 1189 ex
171 1152 280 1199 parte
317 1160 341 1187 a
380 1149 532 1188 Graecis
570 1149 783 1187 deduxisset
827 1149 1070 1188 barbarorum
1110 1149 1370 1188 calamitatem.
1411 1171 1463 1177 —-

85 1214 228 1252 Nomen
255 1212 391 1252 Sicinni
428 1212 475 1251 ab
502 1211 685 1261 Aeschylo
721 1211 888 1250 videmus
917 1212 1118 1259 ‘omissum3
1147 1215 1290 1252 ceteros
1317 1223 1464 1262 quoque

86 1276 218 1315 eximie
244 1276 291 1314 de
306 1275 460 1315 Graecis
486 1276 639 1314 meritos
665 1286 740 1314 non
753 1274 883 1314 laudat
895 1275 1126 1314 nominatim.
1180 1276 1297 1314 Duxit
1313 1278 1463 1325 poetam

85 1341 244 1388 utraque
269 1339 378 1378 ratio.
433 1338 542 1386 Quod
554 1338 690 1377 attinet
715 1337 764 1377 ad
776 1337 971 1387 poeticam,
997 1337 1099 1377 haud
1123 1349 1212 1377 sane
1239 1349 1464 1388 magnopere

86 1403 266 1442 interesse
301 1404 428 1452 potest
461 1402 619 1441 Atossae
659 1404 698 1440 et
736 1400 856 1449 chori,
898 1403 940 1440 ut
965 1400 1213 1451 singulorum,
1242 1402 1305 1452 qui
1330 1412 1466 1452 magna

88 1466 271 1505 ediderint
304 1465 487 1512 facinora,
527 1465 754 1503 Graecorum
798 1465 948 1504 nomina
988 1465 1160 1503 audiant:
1202 1465 1301 1514 quod
1339 1469 1465 1505 tamen

87 1528 234 1568 levioris
266 1529 324 1567 est
355 1528 543 1568 momenti.
597 1527 752 1567 Poetam
783 1528 883 1566 cives
918 1528 1111 1566 nominare
1145 1528 1267 1578 poesis
1302 1528 1466 1578 tragicae

89 1592 251 1641 gravitas
285 1591 451 1638 vetabat,
480 1590 581 1640 quod
613 1591 761 1640 egregie
796 1590 1006 1630 observavit
1036 1591 1283 1631 Hermannus.
1338 1592 1467 1631 Liceat

89 1654 157 1694 viri
190 1654 473 1703 ingeniosissimi
511 1654 625 1693 verba
659 1652 814 1693 afferre:
846 1654 941 1703 „Qui
965 1653 1013 1692 'in
1048 1658 1248 1704 conspectu
1274 1658 1402 1694 nostro
1429 1658 1467 1694 et

88 1717 125 1757 in
151 1717 223 1756 hac
257 1716 460 1756 communis
496 1717 595 1756 vitae
630 1716 838 1756 humilitate
876 1720 1091 1765 versantur,
1131 1716 1232 1757 haud
1267 1717 1376 1757 facile
1403 1717 1466 1757 illo

89 1780 352 1830 magnitudinis
398 1779 616 1829 splendore,
666 1791 776 1829 quem
829 1780 984 1830 requirit
1021 1781 1165 1829 poesis,
1205 1781 1259 1820 ita
1297 1782 1467 1821 exornari

88 1846 264 1894 possunt,
293 1846 335 1882 ut
360 1843 479 1882 omnis
507 1842 744 1892 quotidianae
770 1844 962 1883 tenuitatis
987 1845 1196 1883 recordatio
1232 1846 1464 1884 evanescat.“

90 1907 197 1954 Quod
236 1907 284 1946 ad
322 1907 540 1957 popularem
579 1907 714 1945 attinet
752 1907 950 1954 rationem,
990 1911 1102 1956 poeta
1129 1907 1377 1955 Atheniensis,
1422 1919 1468 1946 ne

88 1970 279 2016 hominum
305 1970 451 2009 illorum
478 1970 632 2018 gloriam
656 1970 802 2009 scenica
827 1970 936 2008 laude
963 1969 1177 2019 adaugeret,
1205 1970 1470 2020 prohibebatur

89 2033 227 2073 invidia
251 2033 397 2083 populi,
426 2034 489 2083 qui
523 2033 581 2072 vel
619 2033 786 2073 exsilium
822 2032 958 2072 inferre
992 2033 1130 2072 soleret
1156 2033 1293 2073 civibus
1319 2037 1470 2084 praeter

91 2100 232 2137 ceteros
268 2097 398 2136 eximie
433 2097 647 2137 nobilitatis.
703 2098 754 2135 At
791 2097 837 2136 de
876 2096 1123 2136 Themistocle
1163 2097 1386 2136 contrariam
1422 2097 1469 2136 ob

91 2170 239 2199 causam
266 2160 464 2199 tacendum
491 2163 590 2207 erat,
619 2163 749 2209 utpote
784 2161 847 2209 qui
873 2161 947 2197 iam
973 2160 1094 2209 capite
1121 2164 1220 2199 esset
1246 2161 1468 2199 deminutus.

90 2221 247 2274 Insuper
272 2223 319 2263 ob
346 2223 536 2273 proprium
563 2222 653 2262 illud
682 2223 885 2271 consilium,
913 2223 1012 2273 quod
1039 2222 1076 2260 in
1104 2223 1256 2262 exordio
1284 2234 1470 2262 commen-

92 2287 241 2326 tationis
268 2288 523 2336 exposuimus,
559 2299 652 2336 opus
690 2290 770 2326 erat
802 2286 1024 2335 Aeschylum
1051 2287 1280 2336 singulorum
1308 2288 1468 2335 nomina,

93 2351 171 2388 tum
215 2350 392 2398 aliorum,
437 2354 516 2389 tum
544 2361 631 2389 vero
659 2350 927 2398 Themistoclis,
969 2351 1188 2400 opprimere.
1220 2372 1267 2377 -—
1309 2350 1469 2389 Nuntius

91 2423 217 2463 regem
255 2414 497 2454 barbarorum
538 2413 630 2453 adiit
664 2414 866 2454 secundum
908 2413 1150 2464 Aeschylum,
1192 2414 1251 2454 cui
1289 2413 1470 2453 accedunt

92 2476 276 2516 Diodorus
305 2477 387 2527 (XI,
407 2478 469 2526 17)
498 2481 536 2516 et
548 2478 770 2517 Plutarchus
784 2478 931 2528 (Them.
963 2478 1039 2527 12).
1094 2477 1233 2517 Contra
1255 2477 1469 2517 Herodotus

92 2543 219 2578 narrat
246 2540 369 2590 (VIII,
407 2541 473 2590 75)
509 2540 564 2580 ad*
593 2541 704 2581 duces
746 2552 831 2581 eum
872 2541 1014 2581 venisse
1054 2552 1098 2580 ac
1136 2541 1291 2581 subinde
1330 2540 1469 2581 consilii

92 2602 318 2653 imperatorii
345 2617 418 2643 non
444 2617 580 2654 regem,
608 2606 674 2644 sed
703 2606 813 2644 duces
840 2605 928 2645 facit
954 2608 1136 2645 auctores.
1189 2605 1285 2644 Illud
1311 2605 1469 2644 fortasse
