1844 2859
804 109 851 146 13

139 233 239 284 apud
260 244 385 272 rerum
410 234 611 283 scriptores
634 242 821 281 perpauca
846 232 1095 270 inveniuntur.
1148 232 1256 278 Quod
1283 233 1336 270 sic
1353 233 1508 281 explicat

138 296 355 337 scholiasta:
380 294 426 335 τὰ
451 294 513 346 μὲν
538 299 607 333 τῶν
629 290 807 344 ὀνομάτων
825 291 1018 344 ἱστόρησεν,
1043 291 1088 331 τὰ
1113 291 1153 331 δὲ
1180 292 1322 338 τελείως
1349 294 1508 333 ἔπλασεν.

139 360 375 400 Recentiores
388 360 457 399 viri
470 359 568 398 docti
580 355 619 397 in
632 357 852 404 scholiastae
866 358 1108 407 explicatione
1131 358 1252 396 solent
1265 358 1508 407 acquiescere.

139 424 217 464 Nos
243 435 331 465 vero
356 434 436 463 rem
462 421 670 462 accuratius
695 421 963 471 perquiremus.
1019 420 1239 468 Quaeritur:

246 487 298 536 1.)
324 498 414 525 num
441 485 643 535 Aeschylus
669 485 765 523 veris
792 485 999 523 nominibus
1024 485 1079 523 uti
1105 486 1278 533 potuerit,

245 549 299 599 2.)
325 559 415 588 num
439 547 642 599 Aeschylus
668 547 764 586 veris
790 546 997 586 nominibus
1023 547 1079 584 uti
1103 547 1270 585 voluerit.

244 613 293 653 ad
323 611 587 661 1.)EIacobsii
613 611 654 662 (1.
672 611 696 650 1.
713 623 749 650 n.
766 613 801 659 2,
829 623 866 660 p.
884 613 931 649 53
950 609 1024 660 sq.)
1049 610 1246 658 sententia,
1272 613 1315 649 ut
1340 615 1511 650 accurate

140 679 252 728 poeta
277 676 388 715 duces
402 679 529 725 posset
554 675 756 722 nominare,
785 684 935 713 necesse
960 673 1082 712 fuerat
1095 673 1257 713 Graecos
1283 674 1511 724 frequentius

140 740 313 779 habuisse
338 751 420 778 cum
446 738 570 778 Persis
596 737 865 777 commercium.
921 736 1028 784 Quod
1058 748 1210 786 prorsus
1236 748 1342 787 nego.
1397 738 1512 785 Quin-

142 802 259 842 decim
285 802 483 849 mensibus‚
511 801 642 850 quibus
668 800 804 839 Persae
838 800 876 838 in
903 799 1059 838 Graecia
1089 803 1177 839 sunt
1201 800 1349 849 versati,
1378 801 1511 841 Graeci

141 865 242 905 haud
276 864 385 904 dubie
419 874 592 913 magnam
628 862 854 912 singularum
893 864 973 900 tum
999 872 1123 901 rerum
1152 866 1232 901 tum
1258 874 1511 912 personarum,

143 929 254 967 etiam
286 927 518 974 inferiorum,
553 926 653 965 nacti
686 929 774 965 sunt
808 925 998 973 notitiam,
1034 936 1129 974 quae
1163 928 1312 975 postea,
1349 926 1437 966 dum
1472 929 1510 966 in

143 991 232 1029 Asia
257 990 373 1039 magis
399 989 592 1038 magisque
617 988 833 1035 consistunt,
861 990 972 1027 aucta
998 991 1065 1026 est.
1120 988 1284 1036 Septimo
1311 993 1397 1038 post
1421 990 1511 1029 Per-

143 1065 267 1093 sarum
302 1052 517 1092 eiectionem
557 1062 654 1089 anno
690 1050 807 1089 multa
842 1050 954 1089 etiam
989 1050 1215 1099 singulorum
1255 1051 1313 1089 vel
1347 1051 1511 1092 facinora

143 1117 202 1156 vel
244 1126 349 1156 casus
383 1116 421 1155 in
465 1115 692 1154 Graecorum
738 1114 967 1154 sermonibus
1014 1114 1172 1162 viguisse
1204 1115 1410 1163 putandum
1441 1121 1509 1164 est,

145 1191 240 1231 quae
273 1179 405 1220 merito
444 1178 706 1229 praetermissa
741 1177 816 1216 sint
841 1188 864 1215 a
890 1188 1013 1216 rerum
1040 1178 1291 1227 scriptoribus.
1345 1178 1453 1227 Sane,
1480 1181 1511 1220 si

144 1244 294 1284 nomina
318 1243 572 1290 evanuissent,
600 1241 816 1281 confictione
842 1253 934 1291 opus
959 1240 1090 1281 fuisset
1116 1242 1162 1281 ob
1187 1242 1368 1282 rationem
1393 1245 1512 1293 poeti-

146 1316 246 1346 cam:
281 1317 401 1355 neque
437 1305 535 1344 enim
569 1305 605 1343 in
633 1305 843 1353 tragoedia,
871 1316 945 1354 qua
983 1305 1219 1344 induceretur
1244 1306 1330 1344 aula
1363 1306 1511 1346 Persica

141 1370 388 1409 calamitatem
413 1378 594 1416 maerens,
623 1368 743 1407 omitti
767 1370 917 1417 poterat
933 1368 1139 1407 accuratior
1165 1368 1212 1407 de
1240 1369 1355 1408 caesis
1382 1369 1511 1409 nobili-

140 1433 209 1472 bus
235 1432 360 1471 Persis
384 1431 626 1481 percontatio,
651 1431 826 1479 narratio,
853 1431 1080 1470 lamentatio.
1135 1432 1249 1481 Atqui
1275 1444 1348 1471 non
1376 1444 1511 1472 evanu-

142 1498 248 1536 erant
273 1494 434 1535 nomina.
487 1494 589 1543 Ergo
614 1494 712 1533 veris
738 1494 793 1532 uti
818 1497 930 1543 poeta
955 1495 1087 1543 potuit.

245 1569 294 1607 ad
322 1568 374 1617 2.)
428 1567 535 1615 Quod
570 1568 617 1606 ad
656 1568 838 1617 poeticam
874 1568 1055 1607 rationem
1095 1569 1249 1616 attinet,
1290 1568 1380 1607 nihil
1419 1573 1510 1617 erat,

144 1643 208 1672 cur
232 1642 322 1671 vera
354 1631 505 1670 uomina
529 1630 746 1670 vitarentur.
801 1630 908 1677 Quod
934 1641 1022 1670 vero
1049 1632 1184 1670 attinet
1209 1631 1255 1670 ad
1282 1631 1510 1681 popularem,

143 1697 225 1735 erat
248 1693 426 1745 profecto,
455 1704 520 1742 cur
545 1692 818 1733 adhiberentur.
871 1692 1008 1733 Videas
1034 1694 1143 1741 enim,
1185 1697 1310 1733 utrum
1350 1694 1512 1735 Graecos

141 1759 314 1798 libentius
340 1757 523 1796 audivisse
549 1759 657 1806 putes
684 1757 731 1796 de
751 1756 919 1797 hostibus
947 1757 1221 1806 commenticiis,
1249 1768 1297 1796 an
1331 1758 1377 1797 de
1403 1758 1512 1807 veris,

144 1832 236 1872 quos
261 1820 329 1860 sibi
355 1820 592 1860 succumbere
618 1820 881 1860 meminissent.

246 1885 325 1923 Iam
351 1895 439 1923 vero
466 1883 555 1933 quid
582 1883 746 1923 dicamus
772 1883 819 1922 de
846 1895 901 1932 eo,
930 1884 1029 1933 quod

247 1947 287 1996 a)
313 1947 480 1986 nonnulli
505 1946 615 1985 duces
642 1947 732 1986 alias
758 1950 893 1995 gerunt
918 1948 1125 1995 provincias
1165 1949 1265 1996 apud
1292 1948 1513 1998 Aeschylum

145 2014 257 2061 atque
282 2009 382 2061 apud
407 2009 651 2058 Herodotum,

248 2074 289 2124 b)
315 2074 492 2113 nonnulla
527 2074 678 2112 nomina
703 2074 794 2114 alias
829 2073 968 2113 habent
1001 2073 1138 2113 formas
1166 2073 1266 2123 apud
1292 2074 1513 2124 Aeschylum

146 2142 258 2189 atque
283 2138 381 2188 apud
409 2137 652 2186 Herodotum,

251 2202 286 2250 c)
313 2201 431 2240 multa
457 2201 607 2241 nomina
632 2201 835 2251 Aeschylea
859 2202 1007 2241 omnino
1034 2214 1106 2241 non
1135 2202 1370 2242 inveniuntur
1396 2213 1515 2252 neque

147 2265 246 2315 apud
272 2264 503 2304 Herodotum
530 2276 650 2314 neque
676 2265 776 2315 apud
802 2267 944 2305 ceteros
971 2276 1095 2304 rerum
1122 2266 1348 2316 scriptores?

250 2327 295 2367 In
329 2328 540 2367 universum
575 2328 723 2377 quidem
758 2328 982 2377 respondere
1016 2328 1102 2367 licet
1139 2328 1297 2368 fortasse
1329 2329 1431 2368 haud
1463 2330 1516 2368 ita

147 2402 266 2443 pauca
295 2391 446 2430 nomina
479 2391 539 2431 vel
564 2391 767 2442 Aeschylea
799 2392 858 2431 vel
892 2390 1106 2432 Herodotea
1138 2403 1206 2442 per
1231 2392 1398 2432 librarios
1435 2403 1516 2432 esse

148 2457 341 2505 corrupta3
378 2457 476 2494 certe
510 2455 660 2495 nomina
696 2455 851 2505 propria
884 2455 1042 2495 maxime
1078 2456 1304 2506 corruptioni
1340 2459 1427 2496 sunt
1452 2457 1516 2496 ob-

147 2519 269 2560 noxia.
320 2517 395 2559 Sed
419 2518 491 2558 hoc
514 2529 780 2559 removeamus.

252 2581 301 2622 ad
326 2581 379 2633 a.)
