1844 2859
836 80 885 130 '61

174 216 216 256 δὲ
257 214 441 268 Μάραφις,
483 213 635 266 ἕβδομός
673 211 701 253 τ’
737 211 982 265 Ἀρταφρένης
1022 225 1105 253 cum
1132 184 1323 258 Schutzim
1364 215 1549 262 Porsono,

173 280 328 328 Bothio,
349 278 553 337 Dindorfio,
581 278 802 327 Har-tungio,
831 277 1014 317 Schoellio
1041 277 1146 316 eiicio
1163 274 1239 327 ¹⁸¹).

530 529 624 582 xvi.
689 529 746 580 lle
777 529 907 580 llario
940 528 1184 591 Aeschyleo.

278 657 378 697 Cum‘
405 658 451 697 de
477 657 590 697 Dario
618 656 822 708 Aeschyleo
857 656 1060 707 exposituri
1087 657 1222 704 simus,
1251 656 1410 706 primum
1424 687 1433 704 ,
1463 657 1551 706 quid

173 723 252 772 ipse
277 722 325 762 de
350 733 391 762 se
416 722 593 772 proferat,
619 722 822 761 videamus.

277 785 480 835 Postquam
513 784 627 834 igitur
653 785 944 825 coniurationem
971 784 1280 834 septemvirorum
1306 784 1482 832 absolvit,
1510 795 1552 823 se

174 850 263 889 dicit
302 852 442 890 sortem
482 860 563 889 esse
595 852 746 889 nactum
761 880 770 898 ,
799 860 911 899 quam
938 850 1105 899 optasset
1132 849 1182 898 (v.
1214 847 1318 897 780).
1371 847 1551 887 Sortitum

173 912 328 952 Darium
354 923 435 952 esse
448 923 605 960 regnum
630 914 729 951 inter
741 923 867 951 rerum
880 912 1081 961 scriptores
1096 914 1252 950 constat.
1306 910 1550 958 Convenerat,

172 980 216 1016 ut
240 978 407 1024 narrant,
434 976 531 1015 inter
563 976 820 1026 septemviros‚
848 978 902 1023 ut,
930 975 1035 1014 cuius
1062 986 1177 1024 equus
1205 974 1347 1014 oriente
1373 974 1451 1014 sole
1475 974 1551 1023 pri-

173 1051 255 1079 mus
278 1040 477 1083 (hinnitum
512 1039 688 1078 edidisset
727 1039 765 1077 in
806 1039 980 1078 suburbio
993 1069 1002 1086 ,
1044 1038 1133 1077 dum
1160 1038 1230 1087 ipsi
1256 1037 1491 1085 veherentur,
1519 1038 1550 1075 is

171 1113 326 1153 regnum
353 1102 548 1142 obtineret.
603 1102 722 1149 Quam
750 1102 857 1141 avide
882 1102 1029 1149 Darius,
1057 1105 1099 1139 ut
1125 1101 1194 1140 sibi
1220 1112 1301 1140 sors
1324 1101 1548 1150 obtingeret,

173 1166 377 1215 optaverit,
419 1176 531 1215 quam
572 1166 702 1205 callide
729 1166 763 1204 ei
790 1165 974 1213 Oebares,
1013 1176 1191 1215 equorum
1219 1168 1354 1212 custos,
1383 1167 1550 1214 optatam

171 1232 311 1269 sortem
337 1229 581 1279 prospexerit,
618 1228 765 1278 copiose
791 1228 987 1277 descripsit
1012 1228 1226 1268 Herodotus
1253 1228 1336 1278 (ΠΙ,
1365 1228 1548 1278 85-87).

173 1291 308 1332 Darius
336 1291 453 1332 multa
479 1292 553 1340 illa,
581 1302 677 1341 quae
702 1291 830 1331 multis
857 1292 970 1341 copiis
996 1292 1123 1341 gessit,
1151 1291 1248 1331 bella
1274 1291 1325 1342 (v.
1356 1291 1448 1341 781)
1475 1303 1549 1331 non

170 1356 295 1395 omnia
319 1356 436 1405 gessit
460 1355 555 1394 bene
581 1358 619 1394 et
643 1355 809 1394 feliciter.
866 1354 945 1394 Nec
958 1366 1049 1394 sane
1075 1355 1164 1394 dicit
1177 1355 1319 1394 nullum
1345 1366 1386 1395 se
1409 1356 1549 1395 civitati

169 1419 308 1458 malum
336 1418 516 1466 attulisse,
545 1418 611 1458 sed
637 1429 711 1457 non
738 1421 816 1456 tam
844 1428 1031 1467 magnum,
1060 1430 1170 1468 quam
1186 1417 1348 1458 Xerxem
1375 1418 1426 1468 (v.
1444 1419 1547 1468 782).

171 1483 329 1523 Omnino
356 1485 501 1522 tantum
529 1482 654 1530 abest,
692 1485 734 1520 ut
760 1492 851 1531 prae
877 1493 918 1521 se
943 1482 1040 1521 ferat
1066 1493 1088 1520 a
1117 1482 1278 1531 peccatis
1312 1482 1547 1529 vacuitatem,

170 1548 213 1584 ut
237 1558 271 1585 V.
287 1546 362 1586 825
391 1557 471 1595 sqq.
499 1545 537 1584 in
558 1557 599 1584 se
626 1545 708 1595 ipse>
732 1548 829 1584 tecte
860 1545 991 1584 illudat
1018 1545 1080 1595 (cf.
1107 1557 1144 1595 p.
1174 1545 1252 1594 56).
1285 1567 1328 1573 -
1345 1545 1549 1595 Praecepta

170 1620 193 1648 a
219 1608 334 1648 Dario
360 1608 476 1648 Xerxi
513 1608 601 1647 data
637 1609 688 1658 (v.
719 1608 811 1657 784)
851 1611 964 1658 poeta
990 1612 1047 1647 aet
1074 1611 1324 1648 commentus:
1351 1609 1390 1647 in
1416 1609 1548 1658 quibus

170 1675 271 1721 erat,
312 1683 359 1711 ne
393 1671 529 1711 fretum
556 1672 730 1722 Europae
766 1674 804 1711 et
831 1672 940 1711 Asiae
976 1671 1211 1711 interiectum
1246 1672 1422 1712 transiret
1456 1683 1548 1712 neve

170 1735 306 1776 bellum
321 1735 500 1775 Graeciae
512 1734 685 1783 inferret3
701 1735 767 1775 sed
795 1735 841 1775 de
867 1735 925 1775 his
952 1736 1062 1775 rebus
1084 1747 1198 1786 supra
1210 1736 1285 1776 iam
1299 1737 1547 1786 exposuimus.

274 1799 359 1838 Jam
387 1799 694 1839 considerandum
722 1803 789 1847 est,
819 1810 914 1849 quae
940 1800 987 1838 ab
1003 1800 1138 1839 Atossa
1167 1803 1206 1838 et
1231 1799 1344 1839 choro
1372 1799 1420 1839 de
1434 1799 1547 1839 Dario

170 1862 417 1912 proferantur.
473 1863 608 1902 Atossa
644 1875 678 1901 v.
719 1865 790 1902 163
827 1862 1039 1902 felicitatem
1065 1863 1194 1902 laudat
1219 1875 1287 1912 per
1312 1864 1467 1902 Darium
1492 1864 1548 1902 iu-

170 1928 281 1965 vante
306 1925 376 1964 deo
394 1924 457 1975 ¹⁶²)
485 1926 681 1965 conditam.
738 1926 912 1965 Ceterum
939 1939 974 1965 v.
1002 1930 1078 1965 470
1103 1926 1376 1966 Marathoniam
1404 1926 1547 1966 cladem

171 1991 447 2028 commemorat.
501 1989 668 2028 Eandem
705 1989 881 2028 indicavit
917 1989 1051 2029 chorus
1089 2002 1124 2027 v,
1154 1992 1228 2028 235
1256 1992 1295 2028 et
1320 1990 1485 2039 apertius
1512 2002 1546 2029 v,

172 2053 268 2098 2433
294 2051 393 2090 idem
432 2052 578 2101 oblique
613 2052 831 2101 perstrinxit
857 2052 1011 2091 Darium
1038 2065 1072 2091 v.
1103 2055 1177 2092 282
1205 2064 1285 2101 sqq.
1340 2053 1392 2091 At
1416 2056 1548 2102 postea

171 2116 328 2164 uterque
353 2115 529 2164 loquitur,
554 2115 660 2165 quasi
687 2115 826 2154 nullam
852 2126 932 2154 rem
944 2115 1080 2155 Darius
1108 2115 1204 2155 male
1229 2116 1398 2165 gesserit,
1412 2115 1549 2155 Atossa

171 2189 205 2216 v.
235 2181 452 2227 710—713,
481 2179 614 2219 chorus
640 2191 676 2218 v.
705 2182 909 2220 549—552
925 2183 963 2218 et
989 2179 1084 2219 infra
1109 2180 1269 2229 saepius.
1324 2179 1407 2227 Qua
1433 2180 1471 2219 in
1506 2192 1548 2219 re

279 2356 344 2407 ¹⁰¹)
373 2359 461 2396 Vide
487 2365 606 2397 notam
632 2360 773 2398 XXVI.

280 2409 341 2458 168)
369 2413 426 2447 Ad
451 2412 558 2451 verba
593 2408 658 2449 οὔκ
694 2410 774 2449 ἄνευ
820 2413 912 2449 θεῶν
938 2410 1029 2456 τινός
1071 2415 1224 2451 conferre
1264 2415 1347 2452 libet
1385 2416 1546 2462 loquendi

171 2463 350 2499 formulam
389 2466 522 2510 „vastia
548 2464 836 2501 Auramazdaha“
875 2465 1001 2511 (gratia
1028 2465 1291 2515 Auramazdis),
1326 2479 1395 2513 qua
1422 2469 1547 2503 Darius

173 2516 314 2562 eiusque
342 2528 559 2554 successores
585 2519 619 2554 in
652 2519 929 2565 inscriptionibus
965 2529 1083 2556 omnes
1119 2530 1174 2556 res
1212 2520 1354 2557 feliciter
1379 2521 1547 2568 perfectas

172 2568 217 2603 ad
244 2579 416 2605 summum
444 2571 546 2606 deum
574 2573 827 2608 Auramazdem
853 2573 965 2609 solent
990 2574 1114 2609 referre
1141 2573 1296 2622 (Dunck.
1323 2574 1369 2618 11,
1397 2572 1501 2622 360).
