1844 2859
803 106 852 144 53

138 237 200 288 qui
216 236 334 280 ..Susa
370 233 638 281 m‘ssraveranm
675 230 774 269 idem
810 218 973 269 dieentes
1009 232 1048 268 et
1083 229 1309 269 adducentes
1349 231 1510 273 Onoma-

137 300 268 341 eritum
309 300 452 343 vatem,
489 293 552 343 qui
591 303 612 331 e
652 292 852 342 praedictis
886 302 945 341 ea,
970 302 1067 341 quae
1095 291 1218 331 fausta
1245 296 1352 331 erant
1376 293 1511 341 Persis,

139 374 264 404 coram
289 371 377 410 rege
390 356 666 408 pronuntiabat.
723 357 889 406 Apparet
910 366 967 403 ea,
996 366 1091 405 quae
1104 355 1152 394 de
1178 355 1342 395 mollitiei
1368 356 1513 405 probris

137 427 174 466 in
200 425 362 466 Xerxem
394 419 541 460 iactatis
575 420 713 460 Atussa
737 418 900 469 profert,
927 430 1002 459 non
1030 430 1112 459 esse
1134 429 1248 461 ,verax
1276 430 1385 458 nemo
1413 422 1513 458 certe

135 491 210 531 tale
242 485 380 537 aliquid
412 483 493 533 regi
518 494 652 532 magno
679 483 801 523 dicere
836 494 950 523 ausus
975 486 1043 522 ost.
1097 482 1175 522 Nec
1205 485 1330 522 tamen
1359 485 1417 521 est
1442 483 1512 521 mi-

138 553 305 598 randum,
334 547 432 598 quod
460 549 581 587 mater
606 558 680 586 non
706 546 895 586 libidinem
923 546 1122 586 ulciscendi
1148 546 1208 585 vel
1235 546 1512 586 eommodorum

138 611 469 666 adipiscendorum,
495 609 563 649 sed
589 610 770 659 pudorem
808 609 926 649 multo
956 606 1075 657 magis
1099 608 1315 648 irritabilem
1341 608 1407 648 filii
1431 613 1513 648 ten-

136 683 255 718 tatum
281 685 362 715 esse
398 674 497 713 dicit.
553 674 701 721 Quanto
738 673 836 713 enim
872 672 1126 713 vehementius
1169 684 1253 713 eum
1292 673 1340 712 ad
1374 672 1510 713 bellum

136 739 331 780 confirmat
356 737 556 787 impulsum
583 748 676 785 esse,
705 739 811 777 tanto
837 736 956 786 magis
985 747 1070 776 eum
1096 739 1258 775 excusat.

238 800 328 854 [Ea‚
353 811 449 850 quae
484 800 531 839 de
565 800 815 851 superioribus
850 800 963 840 Asiae
998 799 1156 839 dominis
1196 800 1315 849 deque
1349 811 1390 839 se
1428 793 1516 849 ipso'

134 866 269 905 Darius
296 863 439 913 profert
465 868 515 912 (v.
547 864 782 913 760—787)‚
809 862 906 902 infra
931 861 1207 914 spectabimus]

237 926 372 966 Darius
417 938 440 965 a
488 926 602 966 choro
650 926 922 975 interrogatus,
965 926 1150 975 quomodo
1193 936 1254 965 res
1292 924 1510 975 profligatae

132 991 275 1041 possint
323 990 434 1039 erigi:
463 990 538 1037 ,ita‘
580 990 710 1039 inquit,
753 990 796 1039 ‚si
835 1001 909 1029 non
950 989 1108 1038 amplius
1160 989 1297 1028 bellum
1343 988 1509 1027 inferatis

135 1053 297 1101 Graecis,
326 1053 464 1103 quippe
491 1053 622 1102 quibus
650 1053 773 1102 ipsum
798 1055 922 1091 terrae
947 1052 1068 1091 solum
1094 1052 1144 1091 sit
1168 1052 1308 1091 socium
1334 1073 1385 1079 -—
1411 1050 1509 1091 fame

133 1117 291 1166 perdens
319 1117 444 1166 copias
470 1117 568 1156 iusto
582 1116 767 1156 maiores‘.
820 1116 872 1165 (v.
903 1117 1127 1166 788-795)
1144 1114 1220 1165 ¹⁴¹).
1277 1116 1362 1163 ,At‘,
1389 1114 1510 1164 inquit

135 1179 279 1227 chorus,
318 1179 511 1227 ,delectum
547 1180 737 1218 mittemus
773 1179 1007 1218 exercitumi‘
1036 1178 1087 1226 (v.
1127 1180 1231 1228 796).
1293 1177 1509 1227 Respondet

133 1243 288 1281 Darius:
319 1244 381 1290 ‚At
408 1254 454 1289 ne
481 1243 512 1281 is
539 1243 699 1292 quidem,
727 1243 790 1292 qui
822 1243 859 1281 in
887 1242 1046 1281 Graecia
1072 1242 1220 1281 relictus
1247 1244 1316 1289 est,
1343 1252 1508 1290 unquam

133 1305 293 1344 redibit‘.
348 1304 491 1344 Chorus
517 1317 538 1343 e
565 1306 714 1353 nuntio,
751 1309 793 1344 ut
828 1316 942 1354 supra
967 1305 1142 1352 vidimus,
1170 1304 1217 1343 de
1246 1304 1376 1343 relicta
1399 1307 1508 1353 parte

134 1367 316 1408 exercitus
342 1367 433 1406 nihil
468 1368 629 1415 audivit3
668 1368 766 1407 unde
801 1368 939 1406 mirans
976 1367 1132 1417 quaerit,
1163 1378 1252 1405 num
1279 1366 1407 1416 copiae
1433 1378 1507 1406 non

134 1442 261 1470 omnes
287 1431 324 1469 in
352 1431 479 1469 Asiam
506 1431 728 1470 reverterint
754 1432 809 1481 (v.·
835 1431 1069 1480 788—800).

237 1489 376 1533 Darius
400 1498 529 1544 aperte
554 1494 754 1544 professus,
784 1505 880 1544 quae
906 1494 980 1532 iam
1007 1493 1172 1533 dicturus
1199 1493 1258 1541 sit,
1287 1504 1307 1532 e
1334 1484 1515 1532 vaticinio*

132 1569 174 1598 se
213 1557 324 1606 scire,
366 1557 527 1598 Xerxem
562 1558 616 1597 ait
650 1558 812 1597 delectas
849 1558 973 1608 copias
1009 1557 1202 1607 reliquisse
1228 1567 1324 1596 vana
1359 1567 1426 1607 spe
1451 1556 1507 1595 in-

131 1620 282 1659 ductum
299 1620 375 1670 ¹⁴²).
443 1621 554 1670 Spem
596 1622 685 1660 dicit
724 1621 903 1660 Graeciae
942 1622 1110 1671 proximo
1149 1632 1247 1660 anno
1287 1621 1506 1660 domandae.

131 1683 335 1732 Schiitzius‚
364 1684 427 1733 qui
453 1685 608 1724 coniecit
644 1685 776 1735 respici
812 1684 873 1725 hic
898 1685 948 1724 ad
973 1694 1107 1731 vanam
1134 1684 1507 1724 oraculorum'inter-

129 1747 389 1796 pretationem,
419 1759 494 1797 qua
519 1748 588 1787 sibi
614 1748 764 1798 suisque
790 1748 996 1787 blanditum
1024 1759 1105 1787 esse
1125 1747 1361 1787 Mardonium
1387 1747 1508 1787 Hero-

131 1810 241 1849 dotus
264 1814 398 1850 narrat
424 1811 507 1860 (IX,
536 1814 584 1850 42
613 1814 707 1861 sq.)‚
736 1812 971 1859 dormitavit,
1009 1812 1191 1860 siquidem
1217 1811 1378 1850 Xerxem
1405 1811 1505 1851 verbi

131 1872 238 1912 λείπει
263 1874 468 1914 subiectum
503 1875 650 1925 putavit
685 1886 729 1915 ac
765 1887 840 1915 non
876 1878 1024 1916 secutus
1060 1879 1117 1915 est
1143 1875 1365 1915 deteriorem
1392 1874 1507 1924 expli-

131 1938 312 1978 cationem
351 1939 572 1978 scholiastae
613 1940 645 1977 A
693 1939 755 1988 (cf.
805 1951 842 1978 n.
882 1939 1040 1988 XXIII).
1107 1939 1250 1978 Xerxes
1288 1935 1386 1979 enim
1432 1939 1503 1978 iam

129 2000 268 2040 dudum
306 2001 482 2041 Sardibus
531 2005 630 2050 erat,
679 2013 763 2041 cum
803 2002 1019 2041 Mardonius
1059 2002 1106 2040 ad
1146 2002 1317 2041 Plataeas
1357 2002 1508 2041 oracula

128 2076 324 2114 perperam
351 2067 617 2116 interpretatus
654 2070 722 2106 est.
779 2067 886 2114 Quod
922 2066 1107 2106 Mardonii
1142 2066 1243 2105 nulla
1276 2065 1319 2105 fit
1354 2067 1504 2115 mentio,

128 2127 278 2167 minime
324 2132 381 2168 est
426 2130 647 2169 mirandum.
702 2130 872 2179 Namque
913 2130 949 2168 in
989 2130 1180 2176 vaticinios
1219 2130 1317 2168 unde
1357 2130 1504 2177 Darius,

236 2265 297 2315 ¹4¹)
325 2269 412 2304 Cum
449 2282 482 2305 v.
515 2270 607 2313 793,
650 2271 721 2305 795
752 2270 794 2305 cf.
823 2269 915 2315 quod
943 2269 1142 2304 Artabanus
1168 2269 1279 2304 Xerxi
1306 2270 1387 2305 dicit
1412 2270 1504 2314 apud

130 2317 343 2357 Herodotum
371 2322 453 2367 VII,
488 2323 553 2358 49:
595 2324 640 2371 γῆ
676 2319 823 2371 πολεμίη
861 2318 946 2371 τῇδέ
979 2333 1034 2359 τοι
1066 2319 1267 2358 κατίσταται
1292 2351 1300 2358 .
1329 2351 1337 2358 .
1366 2350 1373 2358 .
1411 2317 1505 2370 λέγω

129 2367 191 2417 τὴν
228 2367 348 2421 χώρην
376 2372 473 2422 λιμὸν
500 2370 672 2416 τέξεσθαι.
726 2375 804 2411 Hoc
838 2386 994 2420 quoque,
1034 2377 1068 2409 ni
1104 2375 1219 2418 fallor,
1259 2387 1302 2410 ex
1329 2375 1505 2422 Aeschylo

129 2422 326 2461 Herodotus
364 2429 486 2473 petivit
524 2426 584 2474 (cf.
621 2439 655 2465 n.
698 2427 795 2476 135).
863 2427 1085 2464 Notissimum
1131 2432 1183 2463 est
1222 2432 1354 2464 veteres
1392 2438 1506 2464 rerum

126 2478 311 2563 lscriptores
346 2481 379 2515 in
416 2475 910 2527 orationibus-componendis
945 2491 1082 2518 omnem
1116 2481 1182 2517 sibi
1212 2483 1399 2529 sumpsisse
1424 2482 1506 2518 artis

138 2530 309 2568 leentiam.

165 2580 167 2582 ’
233 2580 299 2633 ¹⁴¹²¹)
327 2585 416 2622 Vide
443 2591 561 2625 notam
587 2587 729 2627 XXIV.
