1844 2859
844 105 894 141 57

186 315 188 317 v
261 288 338 341 IV.
395 254 663 339 {rmum
691 299 758 347 oa,
789 299 902 352 quse
933 288 985 338 do
1016 288 1311 350 superioribus
1342 288 1466 340 Asiae

259 406 261 408 ,
373 359 577 444 mma
590 362 746 413 nanus
778 363 943 424 ‚mm
976 364 1035 425 (v.
1068 363 1352 425 7co—ff787)

192 515 194 517 -
278 488 483 540 Aeschylus
508 489 620 530 Asiae
646 489 879 530 dominorum
916 490 1030 531 series
1056 490 1144 531 inde
1184 501 1207 529 a
1231 489 1329 542 Cyro
1370 490 1553 541 explicata

177 561 244 598 est.
296 554 355 593 De
381 554 524 593 duobus
563 565 652 593 vero
680 553 766 604 Cyri
805 554 1080 603 decessoribus,
1116 555 1217 594 Medi
1251 554 1327 594 filio
1363 558 1402 594 et
1427 555 1551 603 Medo,

177 621 320 661 diversa
345 613 561 657 attuierunt
585 617 654 656 viri
681 617 792 657 docti.
846 617 956 668 Apud
984 616 1215 657 Herodotum
1243 616 1362 667 Cyrus
1388 618 1554 657 succedit

171 694 241 723 avo
264 680 429 731 Astyagi,
443 682 627 731 Astyages
650 681 750 732 patri
767 681 934 732 Gyamu'i.
989 680 1130 722 Contra
1152 681 1252 732 apud
1265 681 1551 732 Xenophontem

172 744 343 795 (Cyrop.)
391 743 510 793 Cyrus
556 745 721 784 succedit
770 745 952 784 avunculo
1001 744 1176 795 Gyaxari‚
1227 744 1413 793 Cyaxarffi
1453 745 1551 794 patri

170 807 334 858 Astyagi.
362 830 415 835 —
452 807 655 857 Postquam
697 818 742 846 ex
784 806 952 847 Cedreno
996 807 1193 855 Stanleius‚
1235 818 1279 846 ex
1315 807 1550 847 Theodoreto

170 870 448 921 Havercampus
489 870 554 921 (ad
594 870 742 921 Iosephi
783 872 870 910 Ant.
910 871 992 910 Iud.
1032 871 1080 919 X,
1126 875 1185 919 ll,
1226 872 1268 922 4)
1308 872 1552 911 ostenderunt

171 934 323 984 Astyagi
348 945 484 974 nomen
517 934 632 974 fuisse
671 934 785 974 Dario
813 934 935 983 Medo,
965 945 1092 974 omnes
1120 945 1237 984 usque
1264 935 1311 974 ad
1339 935 1550 985 proximum

167 1000 314 1048 tempus
340 998 408 1037 viri
436 999 536 1038 docti
563 999 787 1049 Aeschylum
816 1010 899 1039 cum
929 999 1177 1049 Xenophonte
1202 997 1372 1038 fecerunt
1397 1010 1551 1038 consen-

166 1061 338 1101 tientem:
366 1061 430 1111 qui
456 1065 583 1101 tamen
609 1074 683 1102 non
711 1062 904 1102 historiam
932 1063 1111 1110 scribens,
1140 1062 1205 1102 sed
1235 1061 1410 1111 fabulam,
1437 1073 1549 1111 quam

167 1125 334 1173 dicimus,
362 1124 634 1165 Romanensem
671 1126 856 1176 permulta
894 1126 940 1166 ob
967 1137 1035 1165 sua
1073 1126 1227 1165 consilia
1254 1124 1413 1164 distinxit
1439 1129 1552 1174 atquc

167 1188 238 1228 hac
263 1189 346 1243 ipsa
372 1190 410 1228 in
437 1201 478 1228 re
504 1201 528 1228 a
559 1190 716 1229 veritate
742 1190 896 1229 recessit
914 1189 990 1239 ¹⁴⁹).
1045 1189 1282 1229 Hermannus
1310 1189 1481 1239 quidem,
1508 1192 1551 1227 ut

165 1263 248 1296 cum
275 1251 468 1292 Herodoto
494 1251 717 1303 Aeschylum
755 1253 1030 1303 conspirantem
1069 1252 1218 1301 faceret,
1246 1253 1455 1302 suspicatus
1483 1256 1550 1299 est,

165 1326 247 1355 cum
288 1315 513 1366 Cyaxarem,
565 1317 738 1367 Astyagis
789 1315 925 1365 filium,
974 1317 1130 1356 Darium
1169 1316 1322 1356 Medum
1369 1315 1550 1366 Iosephus

171 1379 329 1427 diceret,
357 1379 461 1419 illum
500 1380 624 1430 potius
659 1379 882 1430 Cyaxarem,
923 1381 987 1429 qui
1020 1383 1130 1430 pater
1162 1380 1233 1418 fuit
1258 1380 1450 1430 Astyagis,
1478 1380 1549 1418 hoc

169 1453 304 1482 nomen
339 1442 513 1484 habuisse
540 1444 604 1493 (ad
640 1456 675 1483 v.
706 1445 819 1494 766);
859 1444 925 1484 sed
954 1455 1001 1483 ne
1036 1444 1116 1494 ipse
1152 1443 1300 1494 quidem
1340 1445 1546 1483 contortam

168 1505 266 1545 hanc
298 1507 481 1545 rationem
521 1507 706 1546 sustinere
740 1519 853 1547 ausus
895 1510 951 1547 est
991 1507 1053 1557 (cf.
1091 1507 1139 1545 ad
1174 1520 1209 1545 v.
1248 1507 1353 1555 776).
1407 1507 1545 1545 Verum

169 1567 355 1608 enimvero
381 1568 505 1619 Μῆδος
539 1580 674 1609 nomen
714 1570 853 1619 gentile
889 1573 946 1609 est
982 1570 1172 1620 (coguovit
1207 1569 1279 1609 hoc
1312 1569 1385 1608 iam
1422 1569 1547 1608 Blom-

168 1630 325 1680 fieldius,
352 1632 418 1671 sed
445 1633 599 1672 nescivit
626 1633 681 1671 uti
708 1633 934 1683 cognitione)
962 1645 1031 1672 nec
1051 1633 1218 1683 profecto
1243 1632 1303 1672 hic
1329 1632 1545 1680 curandum,

168 1695 257 1744 quid
307 1699 460 1734 narrent
499 1695 708 1744 Cedrenus‚
750 1696 1027 1745 Theodoretus,
1075 1696 1267 1746 Iosephus.
1335 1696 1414 1735 Iam
1456 1695 1547 1734 nihil

168 1758 303 1807 obstat,
319 1758 407 1809 quin·
438 1758 614 1807 ,Medum‘
643 1759 1057 1810 Gyaxarem‚,a1terum‚
1084 1760 1182 1799 illius
1193 1758 1321 1798 filium‘
1345 1760 1546 1808 Astyagem

168 1834 250 1863 esse
277 1834 493 1862 censeamus
528 1823 655 1873 itaque
682 1824 973 1863 consentientem
1008 1823 1185 1863 faciamus
1214 1822 1434 1872 Aeschylum
1462 1834 1545 1862 cum

166 1885 371 1926 Herodoto.
426 1886 532 1934 Quod
558 1887 700 1936 primus
737 1898 856 1937 nuper
880 1886 967 1927 fecit
993 1886 1200 1926 Schoellius
1228 1886 1359 1936 (l.·l.),
1388 1886 1450 1936 qui
1477 1885 1546 1924 hoc

167 1961 315 2000 quoque
341 1949 633 1999 demonstravit,
669 1953 757 2000 apte
784 1962 806 1990 a
833 1949 1001 2001 Cyaxare
1029 1950 1251 2000 Aeschylum
1283 1950 1418 1998 ordiri3
1446 1950 1545 1999 quod

166 2013 353 2062 quomodo
403 2014 450 2053 ab
491 2015 655 2064 Astyage
700 2015 840 2064 possit,
890 2015 1059 2065 exputari
1098 2015 1239 2063 nequit.
1307 2013 1546 2063 ,Aeschylus‘,

164 2076 285 2126 inquit
308 2075 514 2117 Schoellius
542 2078 595 2127 (p.
615 2078 718 2128 182),
748 2089 831 2125 ,non
847 2078 1012 2128 loquitur
1025 2077 1072 2117 de
1084 2078 1180 2117 serie
1192 2089 1320 2127 regum
1336 2076 1544 2125 Medorum,

166 2138 233 2178 sed
260 2140 307 2178 de
334 2140 450 2179 totius
465 2141 577 2180 Asiae
591 2141 747 2180 dominis
775 2142 826 2187 (v.
857 2145 931 2181 764
958 2142 1045 2190 sq.).
1098 2141 1292 2180 Medorum
1316 2142 1545 2180 dominatum

164 2202 367 2242 secuudum
377 2203 609 2243 Herodotum
626 2203 686 2254 (L,
706 2206 777 2244 102
788 2204 887 2254 sqq.)
898 2204 971 2244 duo
986 2204 1158 2254 deinceps
1172 2215 1278 2254 reges
1293 2204 1545 2252 condiderant,

164 2265 365 2307 Phraortae
400 2271 438 2307 et
465 2266 649 2317 cyaxares
669 2267 754 2317 ¹⁵⁰);
782 2268 982 2309 Phraortes
1022 2271 1148 2307 tamen
1185 2268 1349 2308 nondum
1391 2279 1545 2318 supera-

270 2426 332 2476 ι49)
361 2430 412 2467 Cf.
440 2431 637 2467 Zeihichius
668 2432 703 2467 in
731 2430 830 2467 Misc.
859 2430 952 2477 Lips.
981 2432 1079 2467 novis
1114 2430 1183 2467 vol.
1213 2430 1298 2466 VIIl
1327 2442 1361 2476 p.
1391 2431 1439 2466 58
1468 2441 1544 2476 sqq-

162 2486 197 2517 et
224 2481 293 2518 vol.
322 2483 378 2518 lx
404 2495 439 2529 p.
468 2484 542 2519 269
572 2495 671 2530 sqq.;
699 2483 838 2521 Dunck.
864 2483 911 2529 11,
938 2485 1026 2521 478.

268 2532 330 2581 ¹¹⁵⁰)
357 2535 584 2581 ,Herodotum
624 2542 719 2573 rectu
745 2537 907 2583 prodere,
958 2537 1107 2573 Ctesiam
1152 2537 1249 2581 falsa,
1290 2538 1387 2573 cuius
1429 2541 1543 2572 tamen

162 2597 294 2624 errores
319 2590 453 2634 possint
479 2589 651 2635 explicari,
678 2589 885 2636 Dunckerus
912 2590 1061 2627 ostendit
1095 2589 1136 2637 (Ι,
1165 2590 1259 2634 395;
1287 2589 1333 2633 11,
1362 2592 1429 2625 421
1464 2587 1540 2636 n.)‘.
