1844 2859
784 124 828 161 11

119 247 305 299 peioribus
338 249 377 288 in
411 249 522 288 rebus
547 246 643 287 Susa
667 246 783 295 redit,
810 256 923 297 quam
957 258 999 286 re
1032 257 1121 286 vera
1145 245 1267 285 rediit.
1320 246 1489 296 Namque

119 311 219 362 apud
266 312 369 351 illum
408 310 510 351 brevi
554 313 721 360 tempore
763 313 849 360 post
887 308 1001 349 eladis
1039 310 1209 349 nuntium
1249 312 1288 348 et
1327 310 1490 359 corporis

120 375 305 425 animique
343 373 473 414 habitu
519 373 740 413 miserabilis
781 373 949 416 advenit:
989 384 1031 412 re
1069 384 1168 421 vera,
1208 375 1404 422 postquam
1445 383 1490 412 ex

119 437 271 487 Eumpa
295 438 473 484 decessit,
508 445 577 486 per
610 445 747 474 annum
780 435 958 475 Sardibus
992 438 1158 474 moratus
1193 438 1251 474 est
1275 434 1424 474 nefariis
1448 446 1490 474 se

120 499 258 540 dedens
283 499 513 548 libidinibus,
549 502 663 549 atque
699 501 785 548 post
811 498 1038 538 calamitates
1070 498 1219 536 demum
1244 497 1293 536 ad
1318 496 1489 536 Plataeas

120 565 158 601 et
191 562 241 601 ad
276 559 446 612 Mycalen
481 562 699 601 exercitibus
734 562 810 601 suis
845 560 966 600 illatas
1001 560 1096 600 Susa
1121 561 1274 599 revertit
1302 560 1488 599 lasciviam

120 626 399 665 confimaturus
416 623 460 674 ⁹).
514 625 667 664 Poetam
681 624 877 673 oportebat
889 624 1058 673 protinus
1084 626 1170 673 post
1183 623 1297 662 cladis
1319 625 1508 662 nuntium*

119 688 293 727 inducere
326 691 533 737 auctorem,
569 691 608 727 et
642 688 763 737 ipsum
798 697 910 736 quam
945 686 1160 736 gravissime
1193 686 1414 735 perculsum,
1447 690 1489 725 ut

121 750 234 791 cladis
260 750 548 801 magnimdinem
577 762 621 790 ac
644 751 720 789 vim
746 749 783 789 vi
809 750 970 789 maxima
994 753 1229 800 proponeret.

394 960 479 1054 Β.
542 1000 652 1054 Be
683 1002 889 1055 rebus
920 1001 1224 1077 singulis·

229 1128 259 1180 l.
323 1127 380 1179 De
410 1126 579 1191 populls
612 1140 709 1267 οιιῖη
740 1129 896 1253 {gl-1106
900 1129 1108 1265 gerentis
1141 1129 1381 1192 Aeschylus

670 1216 710 1253 V.
805 1232 866 1238 —-
952 1239 962 1254 .

224 1329 368 1371 Chorus
393 1331 478 1371 inde
514 1342 538 1370 a
562 1343 597 1370 v.
638 1334 684 1370 12
711 1341 829 1381 usque
855 1332 903 1370 ad
929 1344 963 1371 v.
996 1335 1041 1371 61
1072 1332 1229 1382 populos
1257 1342 1339 1371 cum
1365 1331 1489 1371 Xerxe

120 1392 305 1443 profectos
356 1396 550 1433 enumerat
600 1394 831 1443 potissimos,
880 1404 1037 1443 quorum
1088 1395 1296 1440 nominibus
1348 1399 1489 1434 ceteros

121 1454 410 1508 comprehendit.

223 1518 348 1559 Primo
373 1520 454 1560 loco
481 1519 656 1560 Persas
682 1520 834 1570 profert,
854 1532 1012 1570 quorum
1037 1521 1185 1560 nomine
1213 1521 1491 1570 comprehendit

124 1582 310 1623 universos
348 1581 505 1633 populos
548 1583 645 1622 inter
688 1581 827 1633 Tigrim
871 1587 910 1622 et
947 1583 1080 1622 Indum
1120 1583 1349 1631 habitantes,
1390 1583 1489 1633 quod

123 1646 314 1686 declarant
351 1645 458 1695 Susa,
499 1647 694 1696 Agbatana
737 1649 788 1698 (v.
837 1648 920 1697 15),
964 1646 1052 1687 urbs
1097 1646 1214 1686 Cissia
1254 1648 1304 1697 (v.
1348 1647 1412 1697 17)
1431 1646 1488 1697 ¹⁰),

121 1711 298 1759 Astaspes
311 1708 544 1749 Baeti-iorum
556 1713 596 1749 et
607 1709 783 1749 Sacarum
798 1710 872 1749 dux
885 1711 937 1761 (v.
959 1712 1025 1758 233
1054 1710 1097 1749 cf.
1117 1722 1153 1759 p.
1186 1711 1262 1759 15).
1318 1709 1489 1749 Ceterum

121 1774 258 1813 erravit
283 1773 485 1824 Aeschylus
520 1786 553 1813 v.
595 1778 641 1813 17
679 1777 717 1813 et
740 1773 837 1813 infra
863 1786 897 1813 v.
930 1777 1000 1813 119
1023 1772 1179 1813 Cissiam
1205 1774 1333 1813 urbem
1362 1774 1491 1813 distin-

120 1847 235 1887 guens
276 1848 299 1875 a
333 1836 435 1876 Susis
452 1836 512 1885 ¹¹).
566 1836 697 1886 Populi
739 1837 792 1876 illi
834 1837 1021 1886 peditatus
1069 1841 1106 1875 et
1151 1838 1336 1886 equitatus
1379 1838 1491 1876 robur

121 1899 337 1949 efficiebant,
365 1900 513 1940 navium
544 1903 839 1951 propugnatores
873 1901 1114 1951 praestabant
1151 1903 1201 1951 (v.
1233 1904 1322 1940 16-
1335 1900 1412 1950 33).
1440 1922 1491 1928 —

120 1964 250 2003 Altero
291 1964 371 2003 loco
413 1967 748 2003 commemorantur
791 1965 820 2002 A
834 1965 1022 2014 egyptii
1065 1966 1181 2004 classe
1226 1968 1430 2012 merentes,
1471 1975 1491 2002 e

121 2026 253 2076 quibus
278 2027 476 2076 praecipue
492 2026 693 2065 laudantur
708 2026 818 2065 Delta
834 2027 975 2066 ineolae
989 2028 1039 2077 (v.
1068 2028 1155 2076 4o);
1181 2030 1246 2067 cos
1260 2027 1491 2076 Thucydides

121 2102 267 2139 quoque
302 2091 567 2140 Aegyptiorum
616 2091 705 2129 dicit
747 2090 1039 2130 bellicosissimos
1079 2090 1133 2140 (Ι,
1165 2091 1266 2140 110).
1320 2090 1492 2140 Aegyptii

120 2153 158 2192 in
184 2153 351 2193 terrestri
378 2153 541 2192 exercitu
554 2164 628 2193 non
647 2153 855 2192 militabant
870 2152 939 2202 ²²);
966 2149 1078 2192 naves
1105 2157 1229 2211 autem
1241 2146 1492 2193 instruxerant

225 2332 253 2381 ⁹)
281 2335 409 2371 Herod.
439 2335 515 2378 IX,
547 2336 615 2370 107
645 2340 752 2379 extu,
792 2346 844 2380 sq.
872 2335 1068 2371 Secundum
1096 2336 1285 2372 Diodorum
1313 2337 1490 2375 Ecbatana

116 2388 258 2432 'revertit
283 2384 367 2435 (XI,
394 2388 442 2421 36
471 2385 586 2433 extr.).

226 2436 270 2486 10)
299 2440 387 2475 Vide
413 2444 530 2475 notam
558 2440 587 2476 Ι.

226 2490 271 2539 ¹¹)
298 2492 340 2527 cf.
369 2492 451 2528 Her.
480 2492 553 2536 111,
594 2493 661 2537 913
688 2493 732 2536 V,
773 2494 840 2537 49,
881 2494 950 2538 523
989 2493 1115 2528 Strabo
1142 2493 1232 2528 XIV
1271 2505 1305 2539 p.
1337 2497 1408 2531 ‘728
1438 2496 1484 2531 A:

120 2540 277 2593 λέγονται
303 2540 343 2580 δὲ
369 2539 428 2581 καὶ
453 2541 587 2581 Κίσσιοι
613 2540 647 2581 οἱ
672 2542 821 2582 Σούσιοι.
849 2545 980 2593 (Herm.
1008 2545 1053 2581 ad
1080 2545 1115 2581 h.
1144 2544 1182 2593 l.)

227 2595 273 2644 ¹²)
299 2597 381 2634 Her.
408 2597 474 2643 IX,
502 2598 562 2634 32.
