1844 2859
1013 83 1064 121 20

351 207 529 247 hocloco
561 207 671 247 simili
695 206 948 256 praestantiae
980 215 1094 245 sensu
1130 204 1252 245 affecti
1284 208 1384 253 sunt,
1409 216 1463 244 ac
1479 217 1514 245 v.
1521 209 1620 246 364
1645 216 1726 282 sqq.

352 273 394 309 et
416 272 494 310 430
513 273 622 320 sqq&
646 269 786 308 addam
813 270 888 308 212
915 279 1012 319 sqq„
1031 271 1115 308 695
1142 279 1238 319 sqq„
1261 271 1344 308 848
1370 279 1479 319 sqq.

456 337 519 374 42.
548 330 690 384 Πάρθος
716 333 767 383 (v.
796 334 902 383 957),
933 332 1066 383 Alpisti
1093 332 1226 373 socius.

455 401 519 436 43.
547 393 706 446 Οἰβάρης
731 396 784 444 (v.
812 398 919 445 957),
954 396 1082 435 itemc·
1108 396 1257 435 Nomen
1279 392 1440 445 Οἰβάρης
1471 396 1569 434 inter
1593 396 1728 435 Persas

351 461 442 501 satis
474 459 649 510 frequens
674 463 778 507 παις
805 459 907 509 apud
931 458 1164 498 Herodotum
1190 458 1267 498 duo
1293 458 1456 498 Oebares
1491 459 1728 498 inveniuntur

352 523 513 574 (ΙΠ,·5
464 526 535 570 85,
524 535 533 543 ·
564 522 628 569 VI,
657 522 736 571 33),
764 522 863 571 apud
891 521 1176 566 Ctesiam³unus
1203 521 1322 571 (Pers.
1352 523 1415 570 2).

454 584 596 625 Seriem
636 584 862 624 concludunt
898 587 1045 634 sep'tem
1082 584 1214 623 duces
1225 586 1491 653 'germanorum
1517 583 1728 632 Persarum,

351 650 488 700 partim
513 648 658 695 Otanis
685 648 822 697 partim
848 647 1137 687 Harmamithris
1162 647 1316 696 legati.

455 716 519 752 44.
547 707 673 755 Ξάνθις
695 713 745 761 (v.
774 711 880 760 966),
907 709 1125 750 Mardorum
1151 711 1232 761 (10,
1235 711 1329 760 000)
1356 680 1598 760 myrin-obus.
1652 711 1727 761 (De

351 776 505 824 Mardis,
532 778 643 825 gente
669 774 828 822 Persica,
856 774 901 814 cf.
929 774 1018 814 Her.
1046 774 1076 823 Ι,
1109 775 1212 823 125.)

456 843 519 879 45.
542 833 724 889 Ἀγχάρης
751 839 802 888 (v.
830 839 936 888 967),
962 838 1058 878 alius
1083 838 1403 887 gentis-Persicae
1426 838 1513 877 dux.

455 906 519 942 46.
545 902 673 946 Δίαοξις
698 905 737 942 et
776 940 780 942 .

456 970 519 1005 47.
541 960 723 1016 Ἀρσάκης
749 967 799 1015 (v.
830 966 936 1014 968),
963 966 1149 1014 equitatus
1176 964 1314 1004 Persici
1340 964 1528 1014 praefecti.

455 1032 518 1068 48.
545 1026 763 1078 Κιγᾰιδατας
790 1029 841 1079 (ν.
872 1028 977 1077 969),
1005 1027 1196 1067 cuiusdam
1222 1028 1344 1076 gentis
1370 1027 1540 1067 Persicae
1566 1028 1653 1067 dux

455 1096 519 1131 49.
545 1090 723 1141 Λιθύμνας
750 1092 801 1140 (v.
831 1092 936 1140 969),
963 1092 1064 1130 item.

457 1158 518 1195 50.
544 1152 683 1203 Τόλμος
710 1155 760 1203 (v.
791 1154 896 1203 970),
922 1154 1024 1193 item.

1562 825 1573 849 Ι

508 1436 577 1488 lll.
634 1438 900 1487 Tractentur
931 1450 995 1495 ca,
1028 1449 1138 1499 quae
1169 1438 1220 1487 (le
1251 1437 1401 1492 Xerxis
1432 1438 1582 1488 ltluere

688 1509 846 1561 chorus
878 1510 1043 1573 profert
1074 1511 1135 1574 (v.
1155 1510 1402 1573 66-87).

458 1638 549 1690 (Str.
577 1639 627 1689 α.)
655 1636 799 1687 Chorus
831 1640 981 1679 cautum
1007 1637 1162 1689 lyricum
1188 1638 1332 1680 orditur
1357 1638 1561 1690 suscipiens
1588 1638 1727 1687 cogita-

354 1703 491 1742 tionem
518 1702 564 1742 de
601 1703 764 1742 exercitu
790 1700 1072 1753 Hellespontum
1109 1706 1356 1752 transgresso.
1409 1702 1525 1742 Ludit
1549 1701 1726 1743 vocabulo

351 1763 598 1817 περσὲπτολις,
646 1766 844 1805 Persarum
894 1777 938 1804 ex
987 1765 1136 1805 nomine
1175 1777 1283 1805 omen
1322 1765 1471 1805 faciens.
1538 1765 1641 1813 Quae
1680 1764 1727 1804 de

351 1828 584 1880 Hellesponti
620 1829 808 1869 iunctione
846 1828 988 1879 profert
1001 1828 1064 1879 ⁴⁹),
1114 1832 1321 1880 congruunt
1359 1841 1443 1869 cum
1483 1828 1728 1879 descriptione

351 1893 567 1932 Herodotea
593 1893 700 1943 (VII,
743 1893 830 1941 36),
873 1893 975 1932 cuius
1015 1904 1160 1932 summa
1185 1893 1278 1932 haec
1304 1896 1381 1932 est:
1418 1893 1552 1932 Xerxis
1578 1891 1726 1941 opifices

352 1956 445 1996 duos
470 1959 604 2006 pontes
638 1955 760 1995 facere
795 1956 903 2004 iussi,
944 1956 1101 1997 alterum
1139 1956 1189 1996 ad
1224 1956 1446 2006 exercitum,
1485 1956 1644 2009 alterum
1679 1956 1727 1995 ad

351 2019 616 2069 impedimenta
636 2019 855 2059 traiicienda
868 2019 1089 2070 (Aeschylus
1107 2023 1232 2059 autem
1247 2031 1361 2059 unum
1373 2020 1526 2070 respicit
1535 2020 1726 2070 priorem),

352 2083 445 2122 duos
484 2083 632 2123 navium
672 2083 820 2124 ordines
859 2086 1072 2123 transverso
1113 2083 1209 2123 freto
1243 2083 1516 2123 constituerunt
1551 2085 1589 2122 et
1614 2093 1729 2132 supra
1808 2096 1810 2098 ’

351 2148 551 2196 utrumque
593 2147 640 2186 ab
675 2146 794 2186 altero
830 2146 956 2186 littore
993 2157 1112 2196 usque
1137 2147 1187 2185 ad
1212 2146 1370 2186 alterum
1392 2147 1596 2186 immensos
1621 2145 1728 2185 funes

350 2210 590 2250 intenderunt
600 2220 710 2250 senos
747 2230 789 2239 ·—
814 2210 919 2250 binos
937 2210 1066 2258 lineos,
1096 2210 1159 2260 qui
1182 2207 1290 2251 erant
1309 2209 1501 2257 firmiores,
1527 2213 1727 2261 quaternos

349 2273 524 2324 papyrius
549 2295 602 2301 —
628 2273 760 2323 quibus
798 2276 837 2312 et
876 2273 1153 2316 continerentur
1191 2285 1304 2314 naves
1339 2271 1558 2324 (λινόδεσμος
1589 2271 1727 2323 σχεδία)

353 2339 390 2376 et
405 2337 465 2376 via
480 2337 701 2377 inniteretur
720 2348 836 2388 supra
855 2337 1056 2377 munienda
1078 2336 1319 2388 (πολύγομφον
1347 2334 1490 2388 ὅδισμα)
1505 2335 1567 2387 ⁶⁰).
1608 2337 1727 2384 Quam

455 2505 506 2554 49)
534 2508 624 2545 vide
650 2513 767 2544 notam
793 2508 899 2545 XIII.

457 2557 506 2607 ⁵⁰)
535 2561 586 2598 Cf.
617 2560 756 2596 Grotius
783 2561 848 2597 111.
880 2563 923 2597 17
954 2571 1005 2606 sq.
