1844 2859
956 101 1003 138 14

389 219 429 270 α)
455 219 500 260 In
535 221 765 271 singulorum
799 221 936 266 ducum
970 223 1168 273 provinciis
1202 223 1312 269 fenile
1346 228 1496 276 poterat
1530 228 1658 273 emti.

284 285 396 334 Apud
431 284 595 327 Ctesiam
630 286 779 335 quidem
816 289 855 328 et
888 287 1095 330 Diodorum
1128 290 1309 331 eiusmodi
1340 301 1504 333 errorem
1529 293 1661 343 depre-

283 347 406 386 hendi.
460 347 504 389 In
539 348 620 389 loco
648 348 892 392 Achaemenis
929 349 991 401 (cf.
1029 362 1066 393 n.
1105 352 1174 402 94)
1199 352 1262 394 hic
1294 353 1399 404 ponit
1424 353 1661 405 mgahatmn

284 411 366 461 (XI,
398 412 482 461 12),
510 412 572 452 ille
600 413 659 453 On
710 413 798 453 ham
833 413 953 463 (Pers.
982 415 1049 464 26)
1063 446 1073 463 ,
1111 416 1175 465 qui
1199 415 1393 460 Herodoto
1426 421 1486 458 est
1519 419 1660 461 Otanffl

283 473 383 523 (VII,
413 478 458 514 61
490 474 535 514 cf.
564 474 681 516 Ctes-
786 505 794 514 .
823 476 902 526 20).

386 570 424 619 β)
452 570 628 611 Fortasse
675 570 818 611 Xerxes
866 572 964 611 inter
1011 572 1147 618 bellum
1188 574 1235 618 de
1278 575 1430 620 ducibus
1469 589 1583 620 unum
1622 581 1661 617 et

280 634 440 672 alterum
475 634 684 684 provincias
718 634 817 674 inter
851 646 892 674 se
925 639 1139 686 permutare
1175 638 1293 687 iussit,
1321 640 1421 689 quod
1448 652 1491 680 eo
1517 640 1659 686 facilius

279 700 443 747 poterat,
485 709 558 747 quo
593 698 712 737 laxior
746 698 899 738 ducibus
940 702 1023 739 crat
1056 711 1140 739 cum
1179 701 1223 740 iis
1236 732 1245 749 ,
1281 690 1413 753 quibus
1448 708 1657 753 praeerant,

279 761 513 801 necessitudo
542 760 604 811 (cf.
632 772 728 811 quae
755 761 802 800 ad
830 773 861 810 c,
890 775 914 800 α
940 762 1134 813 dicemus).

383 846 433 885 ad
459 845 512 894 b.)

384 929 424 978 α)
451 929 618 970 Barbara
643 929 795 970 nomina
819 928 901 969 alfis
929 930 1097 970 dialectis
1114 930 1269 981 aliisque
1294 933 1524 982 temporibus
1549 934 1658 973 aliter

277 991 484 1043 ἠλληνίσθη.
511 992 677 1043 (Illustre
702 992 910 1043 exemplum
949 996 1007 1034 est
1030 990 1362 1046 ΜάρδοςεΣμίρόις
1388 995 1433 1036 cf.
1459 996 1529 1036 loc.
1555 996 1656 1048 XV).

382 1089 422 1138 β)
447 1088 579 1131 Potest
610 1087 751 1139 factum
787 1099 888 1137 esse,
929 1092 971 1130 ut
999 1092 1113 1139 poeta
1149 1101 1170 1133 e
1204 1090 1413 1135 nominibus
1447 1091 1573 1142 aliqua
1588 1144 1591 1146 ι
1608 1093 1654 1135 ob

276 1152 460 1194 rationem
495 1151 687 1209 metricam
722 1151 889 1202 paullum
922 1152 1185 1195 immutaverit.
1239 1153 1473 1208 Quamquam
1511 1155 1549 1195 id
1579 1167 1654 1202 non

276 1219 368 1265 puto
403 1215 583 1258 accidisse
615 1216 655 1254 in
690 1215 839 1257 nomine
868 1210 1113 1266 Ἀρταφρένης
1149 1216 1201 1267 (v.
1238 1218 1325 1269 22),
1351 1217 1437 1261 licet
1470 1218 1542 1266 hoc
1571 1229 1654 1264 eum

275 1278 475 1320 scholiasta
509 1278 574 1329 (ad
601 1278 638 1317 h.
665 1278 708 1329 l.)
735 1281 871 1328 putent
905 1278 974 1318 viri
1000 1278 1118 1327 docti3
1147 1278 1191 1319 cf.
1226 1279 1296 1324 loc.
1322 1279 1405 1324 XV.
1460 1280 1533 1323 Sed
1559 1282 1654 1327 acci-

276 1343 375 1383 disse
400 1345 526 1393 potest
560 1343 599 1382 in
632 1342 714 1382 aliis
748 1342 968 1384 nominibus.
1022 1342 1176 1387 Poetam
1211 1343 1281 1385 sibi
1317 1344 1458 1394 aliquid
1484 1345 1654 1391 licentiae

274 1406 476 1456 sumpsisse
503 1405 669 1447 declarat
695 1418 719 1443 α
739 1416 876 1456 anceps
901 1406 941 1449 in
962 1400 1114 1458 Ἀρτεμβ
1129 1403 1153 1444 ά
1168 1419 1233 1458 ρης
1260 1406 1311 1456 (v.
1341 1410 1402 1457 30,
1431 1408 1525 1459 297)
1553 1411 1592 1448 et
1615 1409 1654 1449 in

275 1465 537 1520 Φαρανδάκης
564 1470 614 1519 (V.
645 1472 706 1516 32,
735 1471 841 1520 932).

379 1555 428 1594 ad
455 1555 505 1605 c.)

379 1641 420 1690 α)
446 1639 662 1679 Herodotus
688 1639 922 1689 superiorum
948 1641 1095 1680 tantum
1110 1639 1280 1679 ordinum
1307 1639 1420 1679 duces
1446 1644 1650 1690 enumerat,

273 1705 337 1753 qui
384 1714 514 1743 omnes
547 1714 683 1751 genere
717 1706 826 1741 erant
864 1702 1020 1750 Persac;
1060 1701 1275 1742 inferiorum
1314 1703 1486 1742 ordinum
1526 1704 1650 1753 duces,

271 1768 349 1807 sive
383 1767 522 1806 Persae
556 1769 681 1814 erant,
718 1766 796 1805 sive
831 1777 979 1814 eorum,
1020 1765 1152 1815 quibus
1187 1770 1397 1816 praeerant,
1438 1766 1649 1816 populares,

272 1830 412 1870 omittit
445 1829 544 1879 (VII,
587 1833 649 1876 96,
692 1829 771 1877 81).
827 1829 934 1876 Quod
968 1829 1000 1868 si
1035 1829 1136 1878 apud
1162 1829 1384 1879 Aeschylum
1419 1830 1650 1879 myriarchae

272 1897 311 1932 et
349 1892 585 1940 chiliarchae,
628 1892 801 1941 Aegyptii
843 1894 882 1931 et
907 1892 1002 1942 Lydi
1041 1894 1079 1931 et
1105 1891 1202 1941 Mysi
1243 1895 1282 1931 et
1306 1892 1445 1931 Bactrii
1484 1895 1522 1931 et
1548 1891 1650 1931 Medi

270 1956 519 2004 inveniuntur,
547 1967 621 2005 quo
634 1956 714 1995 iure
729 1966 792 1995 eos
806 1954 914 1995 fictos
932 1966 1013 1995 esse
1027 1955 1189 1995 dixeris?
1213 1955 1246 1994 E
1268 1956 1454 1995 nava-lium
1465 1956 1649 1996 sociorum

272 2020 424 2060 ducibus
450 2019 691 2070 popularibus
718 2019 869 2068 quidam
896 2018 943 2058 ab
966 2018 1159 2058 Herodoto
1185 2022 1523 2062 commemorantur
1548 2018 1648 2069 (VII,

272 2085 352 2135 98),
379 2095 537 2135 quorum
558 2095 673 2125 unum
696 2083 796 2133 apud
809 2083 1031 2133 Aeschylum
1049 2083 1215 2133 reperias
1233 2083 1464 2134 (Syennesin,
1492 2096 1526 2124 v.
1544 2083 1648 2133 321).

375 2179 414 2228 β)
441 2147 617 2222 Fortasse
656 2178 858 2228 Aeschylus
894 2177 1155 2223 nonnullorum
1197 2178 1351 2227 ducum,
1398 2178 1461 2232 qui
1500 2176 1648 2227 quidem

271 2243 492 2292 cognomina
516 2242 703 2287 habebant
728 2243 819 2283 satis
846 2245 956 2290 nota,
985 2241 1204 2291 cognomina
1228 2240 1408 2290 adhibuit,
1434 2240 1648 2287 ,Herodotus

269 2307 349 2346 sola
374 2306 525 2346 nomina
550 2306 752 2349 memoriae
777 2305 952 2355 prodidit.

373 2392 454 2432 Iam
489 2392 537 2433 dc
571 2391 725 2441 singulis
761 2391 970 2432 nominibus
997 2391 1086 2441 quid
1112 2391 1290 2438 sentiam,
1330 2389 1536 2432 ostendam.
1588 2388 1647 2433 Ne

272 2455 475 2503 „fortassff
517 2458 557 2496 et
598 2458 664 2503 „ut
702 2454 872 2496 videtur“
919 2454 1066 2503 saepius
1114 2454 1393 2503 interponatur,
1443 2451 1646 2497 sentem

268 2517 424 2558 firmiter
459 2521 571 2569 atque
606 2518 757 2558 astricte
784 2517 1004 2567 enuntiabo,
1043 2528 1137 2567 quas
1175 2519 1301 2560 tamen
1340 2515 1443 2560 velut
1476 2514 1644 2561 modffite

269 2583 479 2634 propositas
504 2582 662 2632 benigne
688 2582 805 2632 accipi
832 2581 953 2621 velim.
