<?xml version="1.0" encoding="UTF-8"?>
<!DOCTYPE html PUBLIC "-//W3C//DTD XHTML 1.0 Transitional//EN"
    "http://www.w3.org/TR/xhtml1/DTD/xhtml1-transitional.dtd">
<html xmlns="http://www.w3.org/1999/xhtml" xml:lang="en" lang="en">
 <head>
  <title>
</title>
<meta http-equiv="Content-Type" content="text/html;charset=utf-8" />
  <meta name='ocr-system' content='tesseract 3.04.00' />
  <meta name='ocr-capabilities' content='ocr_page ocr_carea ocr_par ocr_line ocrx_word'/>
</head>
<body>
  <div class='ocr_page' id='page_1' title='image "./4738086_0036.png"; bbox 0 0 1844 2859; ppageno 0'>
   <div class='ocr_carea' id='block_1_1' title="bbox 759 110 810 151">
    <p class='ocr_par' dir='ltr' id='par_1_1' title="bbox 759 110 810 151">
     <span class='ocr_line' id='line_1_1' title="bbox 759 110 810 151; baseline 0 0"><span class='ocrx_word' id='word_1_1' title='bbox 759 110 810 151; x_wconf 72' lang='lat'><strong>²7</strong></span> 
     </span>
    </p>
   </div>
   <div class='ocr_carea' id='block_1_2' title="bbox 46 238 1473 1621">
    <p class='ocr_par' dir='ltr' id='par_1_2' title="bbox 46 238 1473 1621">
     <span class='ocr_line' id='line_1_2' title="bbox 99 238 1469 289; baseline -0.004 -7"><span class='ocrx_word' id='word_1_2' title='bbox 99 247 209 289; x_wconf 85' lang='lat' dir='ltr'><strong>fuisse</strong></span> <span class='ocrx_word' id='word_1_3' title='bbox 233 241 407 282; x_wconf 85' lang='lat' dir='ltr'><strong>videntur</strong></span> <span class='ocrx_word' id='word_1_4' title='bbox 419 250 532 279; x_wconf 86' lang='lat' dir='ltr'><strong>naves</strong></span> <span class='ocrx_word' id='word_1_5' title='bbox 559 239 704 279; x_wconf 77' lang='lat' dir='ltr'><strong>circiter</strong></span> <span class='ocrx_word' id='word_1_6' title='bbox 730 242 806 279; x_wconf 89' lang='grc'><strong>800</strong></span> <span class='ocrx_word' id='word_1_7' title='bbox 822 238 883 289; x_wconf 78' lang='lat'>⁷³).</span> <span class='ocrx_word' id='word_1_8' title='bbox 910 239 990 278; x_wconf 87' lang='lat' dir='ltr'><strong>Iam</strong></span> <span class='ocrx_word' id='word_1_9' title='bbox 1011 250 1261 289; x_wconf 81' lang='lat' dir='ltr'><strong>proponamus</strong></span> <span class='ocrx_word' id='word_1_10' title='bbox 1287 239 1469 278; x_wconf 84' lang='lat' dir='ltr'><strong>rationem</strong></span> 
     </span>
     <span class='ocr_line' id='line_1_3' title="bbox 100 295 1469 352; baseline -0.003 -7"><span class='ocrx_word' id='word_1_11' title='bbox 100 301 546 350; x_wconf 64' lang='lat' dir='ltr'><strong>alterflni}mntmfl⁸²=ex</strong></span> <span class='ocrx_word' id='word_1_12' title='bbox 559 297 686 352; x_wconf 55' lang='lat' dir='ltr'><strong>aparte</strong></span> <span class='ocrx_word' id='word_1_13' title='bbox 704 303 873 342; x_wconf 63' lang='lat' dir='ltr'><strong>dimam.</strong></span> <span class='ocrx_word' id='word_1_14' title='bbox 927 302 1058 342; x_wconf 80' lang='lat' dir='ltr'><strong>Paullo</strong></span> <span class='ocrx_word' id='word_1_15' title='bbox 1088 306 1174 352; x_wconf 85' lang='lat' dir='ltr'><strong>post</strong></span> <span class='ocrx_word' id='word_1_16' title='bbox 1199 295 1341 341; x_wconf 52' lang='lat' dir='ltr'><strong>effidem</strong></span> <span class='ocrx_word' id='word_1_17' title='bbox 1367 298 1469 342; x_wconf 80' lang='lat' dir='ltr'><strong>Sala-</strong></span> 
     </span>
     <span class='ocr_line' id='line_1_4' title="bbox 99 365 1471 411; baseline -0.004 0"><span class='ocrx_word' id='word_1_18' title='bbox 99 371 248 411; x_wconf 86' lang='lat' dir='ltr'><strong>miniam</strong></span> <span class='ocrx_word' id='word_1_19' title='bbox 273 367 423 406; x_wconf 84' lang='lat' dir='ltr'><strong>Persica</strong></span> <span class='ocrx_word' id='word_1_20' title='bbox 456 366 585 411; x_wconf 58' lang='lat' dir='ltr'><strong>§m</strong></span> <span class='ocrx_word' id='word_1_21' title='bbox 619 366 717 406; x_wconf 67' lang='lat' dir='ltr'><strong>cirea</strong></span> <span class='ocrx_word' id='word_1_22' title='bbox 752 365 907 409; x_wconf 74' lang='lat' dir='ltr'><strong>Cumani</strong></span> <span class='ocrx_word' id='word_1_23' title='bbox 942 366 1159 407; x_wconf 73' lang='lat' dir='ltr'><strong>versabatur</strong></span> <span class='ocrx_word' id='word_1_24' title='bbox 1184 365 1349 404; x_wconf 91' lang='lat' dir='ltr'><strong>Diodoro</strong></span> <span class='ocrx_word' id='word_1_25' title='bbox 1375 369 1471 405; x_wconf 83' lang='lat' dir='ltr'><strong>teste</strong></span> 
     </span>
     <span class='ocr_line' id='line_1_5' title="bbox 100 428 1471 485; baseline -0.003 -16"><span class='ocrx_word' id='word_1_26' title='bbox 100 433 181 485; x_wconf 84' lang='lat' dir='ltr'><strong>(XI,</strong></span> <span class='ocrx_word' id='word_1_27' title='bbox 217 429 283 479; x_wconf 85' lang='lat'><strong>27)</strong></span> <span class='ocrx_word' id='word_1_28' title='bbox 318 429 511 469; x_wconf 79' lang='lat' dir='ltr'><strong>etiamtum</strong></span> <span class='ocrx_word' id='word_1_29' title='bbox 560 440 674 468; x_wconf 87' lang='lat' dir='ltr'><strong>naves</strong></span> <span class='ocrx_word' id='word_1_30' title='bbox 707 428 791 478; x_wconf 89' lang='lat' dir='ltr'><strong>plus</strong></span> <span class='ocrx_word' id='word_1_31' title='bbox 830 432 907 469; x_wconf 87' lang='lat'><strong>400</strong></span> <span class='ocrx_word' id='word_1_32' title='bbox 957 428 1214 479; x_wconf 88' lang='lat' dir='ltr'><strong>complectens.</strong></span> <span class='ocrx_word' id='word_1_33' title='bbox 1255 428 1388 477; x_wconf 90' lang='lat' dir='ltr'>Atqui,</span> <span class='ocrx_word' id='word_1_34' title='bbox 1429 431 1471 465; x_wconf 88' lang='lat' dir='ltr'><strong>ut</strong></span> 
     </span>
     <span class='ocr_line' id='line_1_6' title="bbox 100 492 1470 539; baseline -0.004 -5"><span class='ocrx_word' id='word_1_35' title='bbox 100 497 276 538; x_wconf 75' lang='lat' dir='ltr'><strong>conficere</strong></span> <span class='ocrx_word' id='word_1_36' title='bbox 301 492 398 539; x_wconf 80' lang='lat' dir='ltr'><strong>licet,</strong></span> <span class='ocrx_word' id='word_1_37' title='bbox 426 492 474 530; x_wconf 84' lang='lat' dir='ltr'><strong>ad</strong></span> <span class='ocrx_word' id='word_1_38' title='bbox 501 492 725 531; x_wconf 74' lang='lat' dir='ltr'><strong>Salaminem</strong></span> <span class='ocrx_word' id='word_1_39' title='bbox 751 492 889 532; x_wconf 80' lang='lat' dir='ltr'><strong>Persae</strong></span> <span class='ocrx_word' id='word_1_40' title='bbox 923 503 1037 532; x_wconf 83' lang='lat' dir='ltr'><strong>naves</strong></span> <span class='ocrx_word' id='word_1_41' title='bbox 1062 493 1208 531; x_wconf 86' lang='lat' dir='ltr'><strong>circiter</strong></span> <span class='ocrx_word' id='word_1_42' title='bbox 1234 495 1310 531; x_wconf 88' lang='lat'><strong>400</strong></span> <span class='ocrx_word' id='word_1_43' title='bbox 1338 492 1470 530; x_wconf 85' lang='lat' dir='ltr'><strong>amise-</strong></span> 
     </span>
     <span class='ocr_line' id='line_1_7' title="bbox 100 555 1471 605; baseline -0.003 -9"><span class='ocrx_word' id='word_1_44' title='bbox 100 562 205 605; x_wconf 79' lang='lat' dir='ltr'><strong>runt;</strong></span> <span class='ocrx_word' id='word_1_45' title='bbox 231 556 314 605; x_wconf 78' lang='lat' dir='ltr'><strong>ipsa</strong></span> <span class='ocrx_word' id='word_1_46' title='bbox 338 565 466 604; x_wconf 82' lang='lat' dir='ltr'><strong>pugna</strong></span> <span class='ocrx_word' id='word_1_47' title='bbox 490 555 645 604; x_wconf 78' lang='lat' dir='ltr'><strong>periisse</strong></span> <span class='ocrx_word' id='word_1_48' title='bbox 679 555 866 599; x_wconf 81' lang='lat' dir='ltr'><strong>Diodorus</strong></span> <span class='ocrx_word' id='word_1_49' title='bbox 892 556 982 594; x_wconf 79' lang='lat' dir='ltr'><strong>dicit</strong></span> <span class='ocrx_word' id='word_1_50' title='bbox 1006 555 1090 604; x_wconf 88' lang='lat' dir='ltr'><strong>plus</strong></span> <span class='ocrx_word' id='word_1_51' title='bbox 1117 555 1295 593; x_wconf 89' lang='lat' dir='ltr'><strong>ducentas</strong></span> <span class='ocrx_word' id='word_1_52' title='bbox 1321 558 1471 602; x_wconf 73' lang='lat' dir='ltr'><strong>praeter</strong></span> 
     </span>
     <span class='ocr_line' id='line_1_8' title="bbox 100 618 1471 669; baseline -0.003 -8"><span class='ocrx_word' id='word_1_53' title='bbox 100 630 172 663; x_wconf 78' lang='lat' dir='ltr'><strong>una</strong></span> <span class='ocrx_word' id='word_1_54' title='bbox 196 630 279 659; x_wconf 87' lang='lat' dir='ltr'><strong>cum</strong></span> <span class='ocrx_word' id='word_1_55' title='bbox 305 619 393 658; x_wconf 79' lang='lat' dir='ltr'><strong>viris</strong></span> <span class='ocrx_word' id='word_1_56' title='bbox 419 622 549 669; x_wconf 80' lang='lat' dir='ltr'><strong>captas</strong></span> <span class='ocrx_word' id='word_1_57' title='bbox 586 619 710 669; x_wconf 73' lang='lat' dir='ltr'><strong>(ibid,</strong></span> <span class='ocrx_word' id='word_1_58' title='bbox 742 619 826 668; x_wconf 83' lang='lat'><strong>19),</strong></span> <span class='ocrx_word' id='word_1_59' title='bbox 865 619 962 658; x_wconf 85' lang='lat' dir='ltr'><strong>unde</strong></span> <span class='ocrx_word' id='word_1_60' title='bbox 996 622 1116 659; x_wconf 88' lang='lat' dir='ltr'><strong>totum</strong></span> <span class='ocrx_word' id='word_1_61' title='bbox 1143 618 1318 658; x_wconf 86' lang='lat' dir='ltr'><strong>damnum</strong></span> <span class='ocrx_word' id='word_1_62' title='bbox 1347 627 1471 668; x_wconf 81' lang='lat' dir='ltr'><strong>pugna</strong></span> 
     </span>
     <span class='ocr_line' id='line_1_9' title="bbox 98 682 1470 733; baseline -0.004 -7"><span class='ocrx_word' id='word_1_63' title='bbox 98 687 230 726; x_wconf 80' lang='lat' dir='ltr'><strong>factum</strong></span> <span class='ocrx_word' id='word_1_64' title='bbox 258 683 457 722; x_wconf 81' lang='lat' dir='ltr'><strong>aestimare</strong></span> <span class='ocrx_word' id='word_1_65' title='bbox 478 694 677 733; x_wconf 87' lang='lat' dir='ltr'><strong>possumus</strong></span> <span class='ocrx_word' id='word_1_66' title='bbox 689 684 839 722; x_wconf 88' lang='lat' dir='ltr'><strong>navium</strong></span> <span class='ocrx_word' id='word_1_67' title='bbox 866 683 1013 722; x_wconf 76' lang='lat' dir='ltr'>circiter</span> <span class='ocrx_word' id='word_1_68' title='bbox 1039 686 1133 729; x_wconf 85' lang='lat'>250,-</span> <span class='ocrx_word' id='word_1_69' title='bbox 1159 682 1292 722; x_wconf 85' lang='lat' dir='ltr'><strong>deinde</strong></span> <span class='ocrx_word' id='word_1_70' title='bbox 1303 682 1470 732; x_wconf 81' lang='lat' dir='ltr'><strong>proxima</strong></span> 
     </span>
     <span class='ocr_line' id='line_1_10' title="bbox 97 746 1471 799; baseline -0.002 -11"><span class='ocrx_word' id='word_1_71' title='bbox 97 751 182 799; x_wconf 85' lang='lat' dir='ltr'><strong>post</strong></span> <span class='ocrx_word' id='word_1_72' title='bbox 205 758 368 797; x_wconf 84' lang='lat' dir='ltr'><strong>pugnam</strong></span> <span class='ocrx_word' id='word_1_73' title='bbox 403 750 512 787; x_wconf 87' lang='lat' dir='ltr'><strong>nocte</strong></span> <span class='ocrx_word' id='word_1_74' title='bbox 538 746 759 787; x_wconf 82' lang='lat' dir='ltr'><strong>Phoeniciae</strong></span> <span class='ocrx_word' id='word_1_75' title='bbox 797 756 911 786; x_wconf 81' lang='lat' dir='ltr'><strong>naves</strong></span> <span class='ocrx_word' id='word_1_76' title='bbox 947 747 1041 786; x_wconf 84' lang='lat' dir='ltr'><strong>clam</strong></span> <span class='ocrx_word' id='word_1_77' title='bbox 1081 746 1118 785; x_wconf 91' lang='lat' dir='ltr'><strong>in</strong></span> <span class='ocrx_word' id='word_1_78' title='bbox 1146 746 1272 786; x_wconf 85' lang='lat' dir='ltr'><strong>Asiam</strong></span> <span class='ocrx_word' id='word_1_79' title='bbox 1310 756 1471 785; x_wconf 58' lang='lat' dir='ltr'><strong>secm-</strong></span> 
     </span>
     <span class='ocr_line' id='line_1_11' title="bbox 97 809 1472 860; baseline -0.002 -10"><span class='ocrx_word' id='word_1_80' title='bbox 97 814 183 851; x_wconf 84' lang='lat' dir='ltr'><strong>runt</strong></span> <span class='ocrx_word' id='word_1_81' title='bbox 198 810 266 859; x_wconf 65' lang='grc'><strong>7*);</strong></span> <span class='ocrx_word' id='word_1_82' title='bbox 294 813 402 849; x_wconf 73' lang='lat' dir='ltr'><strong>erant</strong></span> <span class='ocrx_word' id='word_1_83' title='bbox 434 811 581 850; x_wconf 84' lang='lat' dir='ltr'><strong>circiter</strong></span> <span class='ocrx_word' id='word_1_84' title='bbox 610 813 702 858; x_wconf 84' lang='lat'><strong>150,</strong></span> <span class='ocrx_word' id='word_1_85' title='bbox 751 811 934 860; x_wconf 87' lang='lat' dir='ltr'><strong>siquidem</strong></span> <span class='ocrx_word' id='word_1_86' title='bbox 974 810 1052 848; x_wconf 84' lang='lat' dir='ltr'><strong>veri</strong></span> <span class='ocrx_word' id='word_1_87' title='bbox 1090 809 1209 848; x_wconf 87' lang='lat' dir='ltr'><strong>simile</strong></span> <span class='ocrx_word' id='word_1_88' title='bbox 1242 813 1300 848; x_wconf 87' lang='lat' dir='ltr'><strong>est</strong></span> <span class='ocrx_word' id='word_1_89' title='bbox 1326 809 1472 848; x_wconf 78' lang='lat' dir='ltr'><strong>circiter</strong></span> 
     </span>
     <span class='ocr_line' id='line_1_12' title="bbox 98 872 1470 923; baseline -0.002 -9"><span class='ocrx_word' id='word_1_90' title='bbox 98 874 286 914; x_wconf 86' lang='lat' dir='ltr'><strong>dimidium</strong></span> <span class='ocrx_word' id='word_1_91' title='bbox 321 873 450 913; x_wconf 86' lang='lat' dir='ltr'><strong>classis</strong></span> <span class='ocrx_word' id='word_1_92' title='bbox 483 873 703 912; x_wconf 82' lang='lat' dir='ltr'><strong>Phoeniciae</strong></span> <span class='ocrx_word' id='word_1_93' title='bbox 729 873 791 922; x_wconf 82' lang='lat' dir='ltr'><strong>(cf.</strong></span> <span class='ocrx_word' id='word_1_94' title='bbox 818 886 855 923; x_wconf 89' lang='lat' dir='ltr'><strong>p.</strong></span> <span class='ocrx_word' id='word_1_95' title='bbox 890 873 953 923; x_wconf 87' lang='lat'><strong>12)</strong></span> <span class='ocrx_word' id='word_1_96' title='bbox 988 872 1084 912; x_wconf 89' lang='lat' dir='ltr'><strong>bello</strong></span> <span class='ocrx_word' id='word_1_97' title='bbox 1124 872 1236 912; x_wconf 86' lang='lat' dir='ltr'><strong>fuisse</strong></span> <span class='ocrx_word' id='word_1_98' title='bbox 1270 876 1470 922; x_wconf 85' lang='lat' dir='ltr'><strong>superstes.</strong></span> 
     </span>
     <span class='ocr_line' id='line_1_13' title="bbox 95 935 1473 985; baseline -0.002 -9"><span class='ocrx_word' id='word_1_99' title='bbox 95 938 195 985; x_wconf 77' lang='lat' dir='ltr'><strong>Ergo</strong></span> <span class='ocrx_word' id='word_1_100' title='bbox 222 936 269 974; x_wconf 86' lang='lat' dir='ltr'><strong>ad</strong></span> <span class='ocrx_word' id='word_1_101' title='bbox 297 935 520 975; x_wconf 72' lang='lat' dir='ltr'><strong>Salaminem</strong></span> <span class='ocrx_word' id='word_1_102' title='bbox 555 946 741 985; x_wconf 77' lang='lat' dir='ltr'>pugnasse</span> <span class='ocrx_word' id='word_1_103' title='bbox 777 937 949 975; x_wconf 88' lang='lat' dir='ltr'><strong>videntur</strong></span> <span class='ocrx_word' id='word_1_104' title='bbox 974 936 1145 975; x_wconf 78' lang='lat' dir='ltr'><strong>Persicae</strong></span> <span class='ocrx_word' id='word_1_105' title='bbox 1188 947 1301 975; x_wconf 88' lang='lat' dir='ltr'><strong>naves</strong></span> <span class='ocrx_word' id='word_1_106' title='bbox 1327 935 1473 974; x_wconf 76' lang='lat' dir='ltr'><strong>circiter</strong></span> 
     </span>
     <span class='ocr_line' id='line_1_14' title="bbox 46 991 1471 1050; baseline -0.001 -11"><span class='ocrx_word' id='word_1_107' title='bbox 46 991 50 999; x_wconf 81' lang='lat'><em>&#39;</em></span> <span class='ocrx_word' id='word_1_108' title='bbox 97 1002 184 1040; x_wconf 86' lang='grc'><strong>800.</strong></span> <span class='ocrx_word' id='word_1_109' title='bbox 210 1019 263 1028; x_wconf 82' lang='lat'>-</span> <span class='ocrx_word' id='word_1_110' title='bbox 301 998 522 1040; x_wconf 78' lang='lat' dir='ltr'><strong>Plutarchus</strong></span> <span class='ocrx_word' id='word_1_111' title='bbox 567 1010 652 1039; x_wconf 89' lang='lat' dir='ltr'><strong>eum</strong></span> <span class='ocrx_word' id='word_1_112' title='bbox 691 1009 906 1048; x_wconf 87' lang='lat' dir='ltr'><strong>numerum,</strong></span> <span class='ocrx_word' id='word_1_113' title='bbox 960 1011 1069 1050; x_wconf 85' lang='lat' dir='ltr'><strong>quem</strong></span> <span class='ocrx_word' id='word_1_114' title='bbox 1109 998 1218 1038; x_wconf 86' lang='lat' dir='ltr'><strong>affert</strong></span> <span class='ocrx_word' id='word_1_115' title='bbox 1257 997 1471 1048; x_wconf 81' lang='lat' dir='ltr'><strong>Aeschylus,</strong></span> 
     </span>
     <span class='ocr_line' id='line_1_15' title="bbox 96 1063 1472 1113; baseline 0.001 -12"><span class='ocrx_word' id='word_1_116' title='bbox 96 1064 142 1101; x_wconf 77' lang='lat' dir='ltr'><strong>ad</strong></span> <span class='ocrx_word' id='word_1_117' title='bbox 167 1063 392 1101; x_wconf 79' lang='lat' dir='ltr'><strong>Salaminem</strong></span> <span class='ocrx_word' id='word_1_118' title='bbox 419 1064 571 1102; x_wconf 83' lang='lat' dir='ltr'><strong>Graecis</strong></span> <span class='ocrx_word' id='word_1_119' title='bbox 598 1065 809 1112; x_wconf 85' lang='lat' dir='ltr'><strong>oppositum</strong></span> <span class='ocrx_word' id='word_1_120' title='bbox 835 1064 949 1104; x_wconf 85' lang='lat' dir='ltr'><strong>fuisse</strong></span> <span class='ocrx_word' id='word_1_121' title='bbox 966 1065 1091 1103; x_wconf 85' lang='lat' dir='ltr'><strong>diceus</strong></span> <span class='ocrx_word' id='word_1_122' title='bbox 1118 1065 1239 1103; x_wconf 87' lang='lat' dir='ltr'><strong>minus</strong></span> <span class='ocrx_word' id='word_1_123' title='bbox 1265 1064 1472 1113; x_wconf 80' lang='lat' dir='ltr'><strong>diligenter,</strong></span> 
     </span>
     <span class='ocr_line' id='line_1_16' title="bbox 96 1126 1471 1177; baseline -0.001 -12"><span class='ocrx_word' id='word_1_124' title='bbox 96 1134 205 1176; x_wconf 79' lang='lat' dir='ltr'><strong>quam</strong></span> <span class='ocrx_word' id='word_1_125' title='bbox 241 1137 311 1176; x_wconf 88' lang='lat' dir='ltr'><strong>par</strong></span> <span class='ocrx_word' id='word_1_126' title='bbox 332 1129 403 1166; x_wconf 74' lang='lat' dir='ltr'><strong>vest</strong></span> <span class='ocrx_word' id='word_1_127' title='bbox 428 1126 624 1176; x_wconf 83' lang='lat' dir='ltr'><strong>historico,</strong></span> <span class='ocrx_word' id='word_1_128' title='bbox 650 1126 739 1167; x_wconf 83' lang='lat' dir='ltr'><strong>fecit</strong></span> <span class='ocrx_word' id='word_1_129' title='bbox 754 1126 814 1177; x_wconf 83' lang='lat'><strong>⁷⁵).</strong></span> <span class='ocrx_word' id='word_1_130' title='bbox 867 1127 925 1166; x_wconf 94' lang='lat' dir='ltr'><strong>De</strong></span> <span class='ocrx_word' id='word_1_131' title='bbox 960 1126 1106 1167; x_wconf 85' lang='lat' dir='ltr'><strong>Ctesiae</strong></span> <span class='ocrx_word' id='word_1_132' title='bbox 1141 1127 1352 1166; x_wconf 86' lang='lat' dir='ltr'><strong>testimonio</strong></span> <span class='ocrx_word' id='word_1_133' title='bbox 1382 1126 1471 1175; x_wconf 89' lang='lat' dir='ltr'><strong>quid</strong></span> 
     </span>
     <span class='ocr_line' id='line_1_17' title="bbox 94 1190 1471 1241; baseline -0.001 -12"><span class='ocrx_word' id='word_1_134' title='bbox 94 1190 328 1229; x_wconf 80' lang='lat' dir='ltr'><strong>iudicandum</strong></span> <span class='ocrx_word' id='word_1_135' title='bbox 356 1191 425 1238; x_wconf 85' lang='lat' dir='ltr'><strong>sit,</strong></span> <span class='ocrx_word' id='word_1_136' title='bbox 466 1194 637 1240; x_wconf 83' lang='lat' dir='ltr'><strong>apertum</strong></span> <span class='ocrx_word' id='word_1_137' title='bbox 663 1190 706 1229; x_wconf 84' lang='lat' dir='ltr'><strong>fit</strong></span> <span class='ocrx_word' id='word_1_138' title='bbox 741 1202 786 1230; x_wconf 82' lang='lat' dir='ltr'><strong>ex</strong></span> <span class='ocrx_word' id='word_1_139' title='bbox 821 1203 886 1239; x_wconf 89' lang='lat' dir='ltr'><strong>eo,</strong></span> <span class='ocrx_word' id='word_1_140' title='bbox 927 1191 1026 1241; x_wconf 90' lang='lat' dir='ltr'><strong>quod</strong></span> <span class='ocrx_word' id='word_1_141' title='bbox 1054 1192 1142 1230; x_wconf 91' lang='lat' dir='ltr'><strong>dicit</strong></span> <span class='ocrx_word' id='word_1_142' title='bbox 1168 1196 1204 1236; x_wconf 74' lang='lat' dir='ltr'><strong>s.</strong></span> <span class='ocrx_word' id='word_1_143' title='bbox 1233 1194 1282 1230; x_wconf 82' lang='lat'><strong>23</strong></span> <span class='ocrx_word' id='word_1_144' title='bbox 1310 1191 1471 1229; x_wconf 84' lang='lat' dir='ltr'><strong>Xerxem</strong></span> 
     </span>
     <span class='ocr_line' id='line_1_18' title="bbox 93 1253 1471 1304; baseline 0.001 -13"><span class='ocrx_word' id='word_1_145' title='bbox 93 1261 207 1292; x_wconf 84' lang='lat' dir='ltr'><strong>naves</strong></span> <span class='ocrx_word' id='word_1_146' title='bbox 241 1253 477 1292; x_wconf 81' lang='lat' dir='ltr'><strong>instruxisse.</strong></span> <span class='ocrx_word' id='word_1_147' title='bbox 498 1254 620 1300; x_wconf 88' lang='lat' dir='ltr'><strong>mille,</strong></span> <span class='ocrx_word' id='word_1_148' title='bbox 648 1259 684 1298; x_wconf 74' lang='lat' dir='ltr'><strong>s.</strong></span> <span class='ocrx_word' id='word_1_149' title='bbox 713 1257 761 1293; x_wconf 82' lang='grc'><strong>26</strong></span> <span class='ocrx_word' id='word_1_150' title='bbox 802 1255 901 1304; x_wconf 86' lang='lat' dir='ltr'><strong>apud</strong></span> <span class='ocrx_word' id='word_1_151' title='bbox 927 1255 1152 1294; x_wconf 80' lang='lat' dir='ltr'><strong>Salaminem</strong></span> <span class='ocrx_word' id='word_1_152' title='bbox 1179 1265 1264 1293; x_wconf 89' lang='lat' dir='ltr'><strong>eum</strong></span> <span class='ocrx_word' id='word_1_153' title='bbox 1300 1254 1471 1293; x_wconf 85' lang='lat' dir='ltr'><strong>habuisse</strong></span> 
     </span>
     <span class='ocr_line' id='line_1_19' title="bbox 93 1316 1471 1367; baseline 0.001 -13"><span class='ocrx_word' id='word_1_154' title='bbox 93 1316 177 1365; x_wconf 81' lang='lat' dir='ltr'><strong>plus</strong></span> <span class='ocrx_word' id='word_1_155' title='bbox 212 1327 324 1364; x_wconf 84' lang='lat' dir='ltr'><strong>quam</strong></span> <span class='ocrx_word' id='word_1_156' title='bbox 358 1316 477 1355; x_wconf 87' lang='lat' dir='ltr'><strong>mille:</strong></span> <span class='ocrx_word' id='word_1_157' title='bbox 514 1317 675 1356; x_wconf 82' lang='lat' dir='ltr'><strong>barbara</strong></span> <span class='ocrx_word' id='word_1_158' title='bbox 709 1318 808 1357; x_wconf 88' lang='lat' dir='ltr'><strong>enim</strong></span> <span class='ocrx_word' id='word_1_159' title='bbox 844 1318 991 1366; x_wconf 90' lang='lat' dir='ltr'><strong>classis,</strong></span> <span class='ocrx_word' id='word_1_160' title='bbox 1019 1322 1061 1356; x_wconf 90' lang='lat' dir='ltr'><strong>ut</strong></span> <span class='ocrx_word' id='word_1_161' title='bbox 1086 1329 1201 1367; x_wconf 87' lang='lat' dir='ltr'><strong>supra</strong></span> <span class='ocrx_word' id='word_1_162' title='bbox 1227 1318 1395 1364; x_wconf 85' lang='lat' dir='ltr'><strong>vidimus,</strong></span> <span class='ocrx_word' id='word_1_163' title='bbox 1423 1317 1471 1356; x_wconf 89' lang='lat' dir='ltr'><strong>ad</strong></span> 
     </span>
     <span class='ocr_line' id='line_1_20' title="bbox 95 1378 1472 1431; baseline 0 -12"><span class='ocrx_word' id='word_1_164' title='bbox 95 1378 318 1419; x_wconf 72' lang='lat' dir='ltr'><strong>Salaminem</strong></span> <span class='ocrx_word' id='word_1_165' title='bbox 344 1379 466 1419; x_wconf 84' lang='lat' dir='ltr'><strong>minor</strong></span> <span class='ocrx_word' id='word_1_166' title='bbox 478 1383 570 1428; x_wconf 87' lang='lat' dir='ltr'><strong>erat,</strong></span> <span class='ocrx_word' id='word_1_167' title='bbox 585 1391 696 1430; x_wconf 79' lang='lat' dir='ltr'><strong>quam</strong></span> <span class='ocrx_word' id='word_1_168' title='bbox 721 1381 759 1420; x_wconf 90' lang='lat' dir='ltr'><strong>in</strong></span> <span class='ocrx_word' id='word_1_169' title='bbox 772 1381 1016 1431; x_wconf 87' lang='lat' dir='ltr'><strong>expeditionis</strong></span> <span class='ocrx_word' id='word_1_170' title='bbox 1031 1381 1147 1420; x_wconf 89' lang='lat' dir='ltr'><strong>initio.</strong></span> <span class='ocrx_word' id='word_1_171' title='bbox 1176 1402 1226 1409; x_wconf 89' lang='lat'>—</span> <span class='ocrx_word' id='word_1_172' title='bbox 1253 1379 1472 1419; x_wconf 84' lang='lat' dir='ltr'><strong>Ceterorum</strong></span> 
     </span>
     <span class='ocr_line' id='line_1_21' title="bbox 95 1443 1469 1492; baseline 0.001 -10"><span class='ocrx_word' id='word_1_173' title='bbox 95 1443 316 1492; x_wconf 80' lang='lat' dir='ltr'><strong>scriptorum</strong></span> <span class='ocrx_word' id='word_1_174' title='bbox 364 1443 411 1482; x_wconf 89' lang='lat' dir='ltr'><strong>de</strong></span> <span class='ocrx_word' id='word_1_175' title='bbox 457 1443 689 1483; x_wconf 84' lang='lat' dir='ltr'><strong>Persicarum</strong></span> <span class='ocrx_word' id='word_1_176' title='bbox 737 1445 887 1484; x_wconf 88' lang='lat' dir='ltr'><strong>navium</strong></span> <span class='ocrx_word' id='word_1_177' title='bbox 934 1455 1089 1484; x_wconf 88' lang='lat' dir='ltr'><strong>numero</strong></span> <span class='ocrx_word' id='word_1_178' title='bbox 1137 1445 1271 1484; x_wconf 86' lang='lat' dir='ltr'><strong>indicia</strong></span> <span class='ocrx_word' id='word_1_179' title='bbox 1318 1445 1469 1492; x_wconf 88' lang='lat' dir='ltr'><strong>omitto,</strong></span> 
     </span>
     <span class='ocr_line' id='line_1_22' title="bbox 96 1506 1470 1558; baseline 0.001 -13"><span class='ocrx_word' id='word_1_180' title='bbox 96 1506 233 1556; x_wconf 78' lang='lat' dir='ltr'><strong>quippe</strong></span> <span class='ocrx_word' id='word_1_181' title='bbox 267 1517 362 1555; x_wconf 86' lang='lat' dir='ltr'><strong>quac</strong></span> <span class='ocrx_word' id='word_1_182' title='bbox 396 1507 564 1546; x_wconf 86' lang='lat' dir='ltr'><strong>consulto</strong></span> <span class='ocrx_word' id='word_1_183' title='bbox 599 1519 672 1547; x_wconf 89' lang='lat' dir='ltr'><strong>non</strong></span> <span class='ocrx_word' id='word_1_184' title='bbox 709 1519 790 1547; x_wconf 87' lang='lat' dir='ltr'><strong>esse</strong></span> <span class='ocrx_word' id='word_1_185' title='bbox 824 1508 872 1546; x_wconf 87' lang='lat' dir='ltr'><strong>ad</strong></span> <span class='ocrx_word' id='word_1_186' title='bbox 906 1508 1083 1547; x_wconf 77' lang='lat' dir='ltr'><strong>amussim</strong></span> <span class='ocrx_word' id='word_1_187' title='bbox 1118 1511 1249 1547; x_wconf 80' lang='lat' dir='ltr'><strong>exacta</strong></span> <span class='ocrx_word' id='word_1_188' title='bbox 1278 1511 1470 1558; x_wconf 88' lang='lat' dir='ltr'><strong>appareat.</strong></span> 
     </span>
     <span class='ocr_line' id='line_1_23' title="bbox 97 1569 1376 1621; baseline 0.003 -13"><span class='ocrx_word' id='word_1_189' title='bbox 97 1569 254 1618; x_wconf 82' lang='lat' dir='ltr'><strong>Collegit</strong></span> <span class='ocrx_word' id='word_1_190' title='bbox 278 1581 324 1609; x_wconf 88' lang='lat' dir='ltr'><strong>ea</strong></span> <span class='ocrx_word' id='word_1_191' title='bbox 349 1570 536 1611; x_wconf 81' lang='lat' dir='ltr'><strong>Stanleius</strong></span> <span class='ocrx_word' id='word_1_192' title='bbox 561 1571 610 1611; x_wconf 83' lang='lat' dir='ltr'><strong>ad</strong></span> <span class='ocrx_word' id='word_1_193' title='bbox 640 1571 739 1611; x_wconf 90' lang='lat' dir='ltr'><strong>hunc</strong></span> <span class='ocrx_word' id='word_1_194' title='bbox 764 1571 936 1621; x_wconf 84' lang='lat' dir='ltr'><strong>Aeschyli</strong></span> <span class='ocrx_word' id='word_1_195' title='bbox 961 1572 1095 1612; x_wconf 87' lang='lat' dir='ltr'><strong>Iocum.</strong></span> <span class='ocrx_word' id='word_1_196' title='bbox 1372 1569 1376 1571; x_wconf 62' lang='grc'><strong><em>’</em></strong></span> 
     </span>
    </p>
   </div>
   <div class='ocr_carea' id='block_1_3' title="bbox 96 1725 1473 2307">
    <p class='ocr_par' dir='ltr' id='par_1_3' title="bbox 96 1725 1472 1874">
     <span class='ocr_line' id='line_1_24' title="bbox 96 1725 1472 1781; baseline 0.002 -13"><span class='ocrx_word' id='word_1_197' title='bbox 96 1727 179 1779; x_wconf 72' lang='lat' dir='ltr'><strong>noel)</strong></span> <span class='ocrx_word' id='word_1_198' title='bbox 215 1728 292 1769; x_wconf 82' lang='lat' dir='ltr'><strong>bem</strong></span> <span class='ocrx_word' id='word_1_199' title='bbox 319 1727 537 1780; x_wconf 60' lang='lat' dir='ltr'><strong>Qetbfiltniss</strong></span> <span class='ocrx_word' id='word_1_200' title='bbox 572 1728 635 1769; x_wconf 58' lang='lat' dir='ltr'><strong>be}</strong></span> <span class='ocrx_word' id='word_1_201' title='bbox 672 1728 780 1775; x_wconf 71' lang='lat' dir='ltr'><strong>ersten</strong></span> <span class='ocrx_word' id='word_1_202' title='bbox 807 1728 931 1781; x_wconf 57' lang='lat' dir='ltr'><strong>Zugess</strong></span> <span class='ocrx_word' id='word_1_203' title='bbox 967 1725 1042 1779; x_wconf 70' lang='lat' dir='ltr'><strong>febr</strong></span> <span class='ocrx_word' id='word_1_204' title='bbox 1081 1729 1231 1779; x_wconf 72' lang='lat' dir='ltr'><strong>reicblicl)</strong></span> <span class='ocrx_word' id='word_1_205' title='bbox 1271 1730 1337 1770; x_wconf 80' lang='lat' dir='ltr'><strong>mit</strong></span> <span class='ocrx_word' id='word_1_206' title='bbox 1365 1741 1472 1781; x_wconf 73' lang='lat' dir='ltr'><strong>gegen</strong></span> 
     </span>
     <span class='ocr_line' id='line_1_25' title="bbox 99 1779 1472 1833; baseline 0.001 -13"><span class='ocrx_word' id='word_1_207' title='bbox 99 1784 174 1821; x_wconf 85' lang='lat'><strong>200</strong></span> <span class='ocrx_word' id='word_1_208' title='bbox 200 1779 360 1832; x_wconf 60' lang='grc' dir='ltr'><strong>ἕώίἥεη</strong></span> <span class='ocrx_word' id='word_1_209' title='bbox 396 1792 652 1833; x_wconf 72' lang='lat' dir='ltr'><strong>angennmmen</strong></span> <span class='ocrx_word' id='word_1_210' title='bbox 687 1781 795 1830; x_wconf 62' lang='lat' dir='ltr'><strong>{einf‘</strong></span> <span class='ocrx_word' id='word_1_211' title='bbox 853 1785 1003 1821; x_wconf 86' lang='lat' dir='ltr'><strong>Abunde</strong></span> <span class='ocrx_word' id='word_1_212' title='bbox 1031 1790 1093 1830; x_wconf 87' lang='lat' dir='ltr'><strong>est,</strong></span> <span class='ocrx_word' id='word_1_213' title='bbox 1127 1787 1257 1832; x_wconf 88' lang='lat' dir='ltr'><strong>opinor,</strong></span> <span class='ocrx_word' id='word_1_214' title='bbox 1284 1787 1311 1822; x_wconf 84' lang='lat' dir='ltr'><strong>sl</strong></span> <span class='ocrx_word' id='word_1_215' title='bbox 1339 1785 1472 1823; x_wconf 86' lang='lat' dir='ltr'><strong>cladem</strong></span> 
     </span>
     <span class='ocr_line' id='line_1_26' title="bbox 97 1836 1372 1874; baseline 0.003 -3"><span class='ocrx_word' id='word_1_216' title='bbox 97 1836 318 1871; x_wconf 67' lang='lat' dir='ltr'><strong>aestiuumus</strong></span> <span class='ocrx_word' id='word_1_217' title='bbox 344 1839 483 1872; x_wconf 71' lang='lat' dir='ltr'><strong>navium</strong></span> <span class='ocrx_word' id='word_1_218' title='bbox 511 1839 645 1873; x_wconf 80' lang='lat' dir='ltr'><strong>circiter</strong></span> <span class='ocrx_word' id='word_1_219' title='bbox 676 1839 758 1874; x_wconf 85' lang='lat'>150.</span> <span class='ocrx_word' id='word_1_220' title='bbox 1368 1864 1372 1866; x_wconf 54' lang='lat'>&gt;</span> 
     </span>
    </p>

    <p class='ocr_par' dir='ltr' id='par_1_4' title="bbox 204 1885 1063 1937">
     <span class='ocr_line' id='line_1_27' title="bbox 204 1885 1063 1937; baseline 0.005 -13"><span class='ocrx_word' id='word_1_221' title='bbox 204 1885 248 1933; x_wconf 83' lang='lat'><strong>⁷³)</strong></span> <span class='ocrx_word' id='word_1_222' title='bbox 277 1889 482 1926; x_wconf 78' lang='lat' dir='ltr'><strong>Dunckerus</strong></span> <span class='ocrx_word' id='word_1_223' title='bbox 508 1890 531 1927; x_wconf 90' lang='grc' dir='ltr'><strong>Ι.</strong></span> <span class='ocrx_word' id='word_1_224' title='bbox 559 1890 582 1927; x_wconf 88' lang='grc' dir='ltr'><strong>Ι.</strong></span> <span class='ocrx_word' id='word_1_225' title='bbox 610 1892 743 1927; x_wconf 82' lang='lat' dir='ltr'><strong>circiter</strong></span> <span class='ocrx_word' id='word_1_226' title='bbox 771 1892 845 1927; x_wconf 78' lang='lat'><strong>750</strong></span> <span class='ocrx_word' id='word_1_227' title='bbox 872 1895 1063 1937; x_wconf 86' lang='lat' dir='ltr'><strong>computat.</strong></span> 
     </span>
    </p>

    <p class='ocr_par' dir='ltr' id='par_1_5' title="bbox 97 1938 1473 2307">
     <span class='ocr_line' id='line_1_28' title="bbox 204 1938 1472 1990; baseline 0.002 -13"><span class='ocrx_word' id='word_1_228' title='bbox 204 1938 250 1988; x_wconf 70' lang='grc'><strong>74)</strong></span> <span class='ocrx_word' id='word_1_229' title='bbox 276 1942 380 1979; x_wconf 87' lang='lat' dir='ltr'><strong>Diod.</strong></span> <span class='ocrx_word' id='word_1_230' title='bbox 406 1942 474 1987; x_wconf 89' lang='lat' dir='ltr'><strong>XI,</strong></span> <span class='ocrx_word' id='word_1_231' title='bbox 506 1944 563 1979; x_wconf 90' lang='grc'><strong>19.</strong></span> <span class='ocrx_word' id='word_1_232' title='bbox 618 1943 820 1979; x_wconf 85' lang='lat' dir='ltr'><strong>Manserunt</strong></span> <span class='ocrx_word' id='word_1_233' title='bbox 845 1944 978 1990; x_wconf 82' lang='lat' dir='ltr'><strong>aliquot</strong></span> <span class='ocrx_word' id='word_1_234' title='bbox 1004 1944 1212 1981; x_wconf 73' lang='lat' dir='ltr'><strong>phoeniciae</strong></span> <span class='ocrx_word' id='word_1_235' title='bbox 1247 1956 1372 1990; x_wconf 81' lang='lat' dir='ltr'><strong>naves,</strong></span> <span class='ocrx_word' id='word_1_236' title='bbox 1411 1946 1472 1981; x_wconf 84' lang='lat' dir='ltr'><strong>sed</strong></span> 
     </span>
     <span class='ocr_line' id='line_1_29' title="bbox 97 1995 1471 2042; baseline 0.003 -14"><span class='ocrx_word' id='word_1_237' title='bbox 97 1995 342 2038; x_wconf 85' lang='lat' dir='ltr'><strong>paucissimae,</strong></span> <span class='ocrx_word' id='word_1_238' title='bbox 383 2005 468 2039; x_wconf 88' lang='lat' dir='ltr'><strong>quas</strong></span> <span class='ocrx_word' id='word_1_239' title='bbox 507 1997 540 2029; x_wconf 90' lang='lat' dir='ltr'><strong>in</strong></span> <span class='ocrx_word' id='word_1_240' title='bbox 582 1997 836 2040; x_wconf 86' lang='lat' dir='ltr'><strong>computatione</strong></span> <span class='ocrx_word' id='word_1_241' title='bbox 875 2003 993 2031; x_wconf 86' lang='lat' dir='ltr'><strong>nostra</strong></span> <span class='ocrx_word' id='word_1_242' title='bbox 1032 1997 1204 2042; x_wconf 81' lang='lat' dir='ltr'><strong>negligere</strong></span> <span class='ocrx_word' id='word_1_243' title='bbox 1243 1999 1341 2032; x_wconf 88' lang='lat' dir='ltr'><strong>nobis</strong></span> <span class='ocrx_word' id='word_1_244' title='bbox 1382 1998 1471 2033; x_wconf 90' lang='lat' dir='ltr'><strong>licet.</strong></span> 
     </span>
     <span class='ocr_line' id='line_1_30' title="bbox 98 2045 1472 2099; baseline 0.005 -18"><span class='ocrx_word' id='word_1_245' title='bbox 98 2045 251 2091; x_wconf 19' lang='lat' dir='ltr'><strong>(Dunckss</strong></span> <span class='ocrx_word' id='word_1_246' title='bbox 282 2047 344 2090; x_wconf 87' lang='lat' dir='ltr'><strong>1V,</strong></span> <span class='ocrx_word' id='word_1_247' title='bbox 373 2049 440 2082; x_wconf 79' lang='lat'><strong>801</strong></span> <span class='ocrx_word' id='word_1_248' title='bbox 475 2059 508 2084; x_wconf 89' lang='lat' dir='ltr'><strong>n.</strong></span> <span class='ocrx_word' id='word_1_249' title='bbox 539 2051 577 2082; x_wconf 83' lang='lat'><strong>4:</strong></span> <span class='ocrx_word' id='word_1_250' title='bbox 623 2045 733 2094; x_wconf 66' lang='grc' dir='ltr'><strong>,91)αῇ</strong></span> <span class='ocrx_word' id='word_1_251' title='bbox 768 2046 859 2096; x_wconf 62' lang='lat' dir='ltr'><strong>nicht</strong></span> <span class='ocrx_word' id='word_1_252' title='bbox 887 2046 954 2087; x_wconf 79' lang='lat' dir='ltr'><strong>aue</strong></span> <span class='ocrx_word' id='word_1_253' title='bbox 980 2046 1157 2099; x_wconf 63' lang='lat' dir='ltr'><strong>Sssbfinifer</strong></span> <span class='ocrx_word' id='word_1_254' title='bbox 1184 2049 1303 2088; x_wconf 82' lang='lat' dir='ltr'><strong>bonon</strong></span> <span class='ocrx_word' id='word_1_255' title='bbox 1332 2049 1472 2099; x_wconf 73' lang='lat' dir='ltr'><strong>gingen,</strong></span> 
     </span>
     <span class='ocr_line' id='line_1_31' title="bbox 98 2096 1473 2150; baseline 0.003 -13"><span class='ocrx_word' id='word_1_256' title='bbox 98 2096 168 2144; x_wconf 68' lang='lat' dir='ltr'><strong>bofi</strong></span> <span class='ocrx_word' id='word_1_257' title='bbox 208 2098 263 2138; x_wconf 78' lang='lat' dir='ltr'><strong>bie</strong></span> <span class='ocrx_word' id='word_1_258' title='bbox 289 2097 425 2149; x_wconf 65' lang='lat' dir='ltr'><strong>Ronige</strong></span> <span class='ocrx_word' id='word_1_259' title='bbox 466 2098 604 2140; x_wconf 77' lang='lat' dir='ltr'><strong>bleiben</strong></span> <span class='ocrx_word' id='word_1_260' title='bbox 630 2098 795 2148; x_wconf 64' lang='lat' dir='ltr'><strong>mussten,</strong></span> <span class='ocrx_word' id='word_1_261' title='bbox 834 2100 982 2150; x_wconf 70' lang='lat' dir='ltr'><strong>netitebt</strong></span> <span class='ocrx_word' id='word_1_262' title='bbox 1021 2100 1081 2149; x_wconf 69' lang='lat' dir='ltr'><strong>fid)</strong></span> <span class='ocrx_word' id='word_1_263' title='bbox 1109 2112 1181 2141; x_wconf 83' lang='lat' dir='ltr'><strong>non</strong></span> <span class='ocrx_word' id='word_1_264' title='bbox 1207 2101 1324 2149; x_wconf 68' lang='lat' dir='ltr'><strong>ie1b5t3</strong></span> <span class='ocrx_word' id='word_1_265' title='bbox 1365 2107 1405 2141; x_wconf 62' lang='lat' dir='ltr'><strong>es</strong></span> <span class='ocrx_word' id='word_1_266' title='bbox 1432 2101 1473 2149; x_wconf 71' lang='lat' dir='ltr'><strong>ist</strong></span> 
     </span>
     <span class='ocr_line' id='line_1_32' title="bbox 98 2150 1472 2203; baseline 0.001 -14"><span class='ocrx_word' id='word_1_267' title='bbox 98 2150 180 2198; x_wconf 78' lang='lat' dir='ltr'><strong>aud)</strong></span> <span class='ocrx_word' id='word_1_268' title='bbox 216 2151 363 2202; x_wconf 61' lang='lat' dir='ltr'><strong>nadmet</strong></span> <span class='ocrx_word' id='word_1_269' title='bbox 396 2152 479 2201; x_wconf 73' lang='lat' dir='ltr'><strong>nod)</strong></span> <span class='ocrx_word' id='word_1_270' title='bbox 519 2164 591 2192; x_wconf 80' lang='lat' dir='ltr'><strong>non</strong></span> <span class='ocrx_word' id='word_1_271' title='bbox 626 2152 861 2202; x_wconf 62' lang='lat' dir='ltr'><strong>nbfinifiidyen</strong></span> <span class='ocrx_word' id='word_1_272' title='bbox 888 2153 1045 2203; x_wconf 64' lang='grc' dir='ltr'>(ᾗῴίῇεη</span> <span class='ocrx_word' id='word_1_273' title='bbox 1072 2154 1127 2193; x_wconf 77' lang='lat' dir='ltr'><strong>bie</strong></span> <span class='ocrx_word' id='word_1_274' title='bbox 1154 2154 1271 2195; x_wconf 53' lang='lat' dir='ltr'><strong>§Rebe‘</strong></span> <span class='ocrx_word' id='word_1_275' title='bbox 1302 2177 1352 2182; x_wconf 91' lang='lat'>—</span> <span class='ocrx_word' id='word_1_276' title='bbox 1379 2157 1472 2202; x_wconf 84' lang='lat' dir='ltr'><strong>apud</strong></span> 
     </span>
     <span class='ocr_line' id='line_1_33' title="bbox 99 2205 1468 2254; baseline 0.003 -14"><span class='ocrx_word' id='word_1_277' title='bbox 99 2205 313 2241; x_wconf 88' lang='lat' dir='ltr'><strong>Herodotum</strong></span> <span class='ocrx_word' id='word_1_278' title='bbox 341 2206 440 2250; x_wconf 85' lang='lat' dir='ltr'><strong>VIII,</strong></span> <span class='ocrx_word' id='word_1_279' title='bbox 482 2209 551 2242; x_wconf 87' lang='grc'><strong>118</strong></span> <span class='ocrx_word' id='word_1_280' title='bbox 579 2217 629 2253; x_wconf 85' lang='lat' dir='ltr'><strong>sq.</strong></span> <span class='ocrx_word' id='word_1_281' title='bbox 657 2213 693 2243; x_wconf 85' lang='lat' dir='ltr'><strong>et</strong></span> <span class='ocrx_word' id='word_1_282' title='bbox 718 2205 783 2252; x_wconf 80' lang='lat' dir='ltr'><strong>lx,</strong></span> <span class='ocrx_word' id='word_1_283' title='bbox 812 2210 878 2253; x_wconf 83' lang='lat'><strong>963</strong></span> <span class='ocrx_word' id='word_1_284' title='bbox 914 2219 1022 2245; x_wconf 78' lang='lat' dir='ltr'><strong>naves</strong></span> <span class='ocrx_word' id='word_1_285' title='bbox 1052 2209 1256 2245; x_wconf 78' lang='lat' dir='ltr'><strong>Phoeniciae</strong></span> <span class='ocrx_word' id='word_1_286' title='bbox 1283 2209 1382 2254; x_wconf 84' lang='lat' dir='ltr'><strong>VIII,</strong></span> <span class='ocrx_word' id='word_1_287' title='bbox 1424 2211 1468 2245; x_wconf 85' lang='grc'><strong>97</strong></span> 
     </span>
     <span class='ocr_line' id='line_1_34' title="bbox 100 2260 1064 2307; baseline 0.006 -16"><span class='ocrx_word' id='word_1_288' title='bbox 100 2264 386 2294; x_wconf 83' lang='lat' dir='ltr'><strong>commemoratae</strong></span> <span class='ocrx_word' id='word_1_289' title='bbox 412 2270 479 2294; x_wconf 91' lang='lat' dir='ltr'><strong>non</strong></span> <span class='ocrx_word' id='word_1_290' title='bbox 508 2265 588 2294; x_wconf 86' lang='lat' dir='ltr'><strong>sunt</strong></span> <span class='ocrx_word' id='word_1_291' title='bbox 614 2260 747 2305; x_wconf 87' lang='lat' dir='ltr'><strong>longae,</strong></span> <span class='ocrx_word' id='word_1_292' title='bbox 773 2261 834 2297; x_wconf 89' lang='lat' dir='ltr'><strong>sed</strong></span> <span class='ocrx_word' id='word_1_293' title='bbox 863 2261 1064 2307; x_wconf 84' lang='lat' dir='ltr'><strong>onerariae.)</strong></span> 
     </span>
    </p>
   </div>
   <div class='ocr_carea' id='block_1_4' title="bbox 101 2308 1474 2416">
    <p class='ocr_par' dir='ltr' id='par_1_6' title="bbox 101 2308 1474 2416">
     <span class='ocr_line' id='line_1_35' title="bbox 205 2308 1474 2360; baseline 0.002 -13"><span class='ocrx_word' id='word_1_294' title='bbox 205 2308 250 2357; x_wconf 76' lang='lat'><strong>⁷⁵)</strong></span> <span class='ocrx_word' id='word_1_295' title='bbox 278 2312 369 2347; x_wconf 86' lang='lat' dir='ltr'><strong>Inter</strong></span> <span class='ocrx_word' id='word_1_296' title='bbox 408 2313 612 2348; x_wconf 87' lang='lat' dir='ltr'><strong>recentiores</strong></span> <span class='ocrx_word' id='word_1_297' title='bbox 649 2312 825 2359; x_wconf 89' lang='lat' dir='ltr'><strong>Aeschylo</strong></span> <span class='ocrx_word' id='word_1_298' title='bbox 865 2314 1071 2349; x_wconf 87' lang='lat' dir='ltr'><strong>credendum</strong></span> <span class='ocrx_word' id='word_1_299' title='bbox 1112 2326 1187 2351; x_wconf 80' lang='lat' dir='ltr'><strong>esse</strong></span> <span class='ocrx_word' id='word_1_300' title='bbox 1227 2317 1356 2360; x_wconf 83' lang='lat' dir='ltr'><strong>opinati</strong></span> <span class='ocrx_word' id='word_1_301' title='bbox 1395 2320 1474 2350; x_wconf 88' lang='lat' dir='ltr'><strong>sunt</strong></span> 
     </span>
     <span class='ocr_line' id='line_1_36' title="bbox 101 2359 537 2416; baseline 0.007 -19"><span class='ocrx_word' id='word_1_302' title='bbox 101 2359 239 2416; x_wconf 84' lang='lat' dir='ltr'><strong>Grotius</strong></span> <span class='ocrx_word' id='word_1_303' title='bbox 265 2363 343 2412; x_wconf 86' lang='lat'><strong>(111,</strong></span> <span class='ocrx_word' id='word_1_304' title='bbox 369 2364 444 2412; x_wconf 83' lang='lat'><strong>31),</strong></span> <span class='ocrx_word' id='word_1_305' title='bbox 469 2364 537 2401; x_wconf 87' lang='lat' dir='ltr'><strong>alii.</strong></span> 
     </span>
    </p>
   </div>
  </div>
 </body>
</html>
