1844 2859
926 80 976 117 12·

259 202 437 241 ducentas
465 202 516 252 (v.
533 202 705 253 34—41)
723 201 782 252 ¹³).
798 223 849 230 —-
875 202 1001 243 Tertio
1023 203 1104 244 loco
1128 203 1262 244 chorus
1280 202 1438 253 Lydos
1457 203 1635 253 nominat,

258 265 306 304 ad
333 277 426 315 quos
454 265 680 316 (superiores
706 269 810 306 trans
826 265 949 316 Halyn
977 266 1162 316 dominos)
1188 267 1376 317 pertinere
1394 267 1483 306 dicit
1508 277 1636 307 omnes

259 329 481 368 continentis
508 329 630 378 (trans
665 329 806 379 Halyn)
840 330 999 369 incolas:
1034 330 1073 369 in
1106 330 1239 380 quibus
1265 333 1372 370 erant
1404 329 1526 370 Iones.
1578 330 1636 369 De

258 393 334 440 his,
375 395 418 431 ut
460 395 562 432 recte
606 393 816 433 observavit
855 392 1127 442 Blomfieldius,
1165 393 1367 444 Aeschylus
1411 394 1636 434 mentionem

257 455 379 494 facere
404 455 542 502 noluit,
579 455 645 494 sed
684 456 942 504 complectitur
977 467 1041 496 eos
1072 457 1219 495 nomine
1245 457 1435 506 Lydorum
1461 456 1636 505 (quorum

258 518 357 557 intra
382 516 474 557 fines
501 528 566 557 sex
589 518 700 558 urbes
712 517 860 557 Ionicae
886 518 980 558 sitae
1007 521 1116 558 erant
1141 521 1237 559 teste
1251 518 1443 560 Herodoto
1470 518 1501 568 I,
1532 517 1636 568 142).

262 581 443 631 „Facinus
478 581 672 630 indignum
708 582 867 631 putabat
900 581 1182 621 Atheniensium
1218 582 1433 622 colonorum
1467 585 1636 633 posteros

260 657 283 684 a
309 645 443 684 Xerxis
478 645 646 694 partibus
672 645 838 693 stetisse,
867 645 986 685 noluit
1020 648 1145 685 tamen
1178 646 1223 685 iis
1258 645 1411 695 culpam·
1439 646 1636 696 imputare,

260 720 343 747 cum
370 709 408 747 in
435 720 497 748 eos
523 709 618 748 bene
645 708 767 748 affecti
793 712 918 748 essent
932 709 1197 756 Athenienses;
1224 709 1297 748 vid.
1312 708 1402 748 Her.
1426 709 1493 757 IX,
1524 710 1634 749 106.“

260 772 346 810 Non
373 771 529 819 legimus
564 772 665 820 apud
691 771 923 810 Herodotum
962 783 1007 810 ex
1041 772 1187 821 populis
1222 771 1294 810 illis
1327 771 1442 810 ullum
1470 770 1638 810 curribus

262 835 312 884 (v.
342 834 408 883 47)
436 834 635 881 militasse3
650 837 746 873 teste
761 845 804 873 eo
819 845 948 873 currus
964 834 1124 883 agebant
1137 834 1220 873 Indi
1243 837 1281 873 et
1293 834 1426 884 Libyes
1441 833 1540 885 (VII,
1557 833 1636 883 86).

260 897 443 946 Equidem
489 897 712 946 Aeschylum
756 898 826 936 hoc
869 897 950 936 loco
998 898 1199 937 studiosius
1246 898 1485 945 varietatem,
1526 908 1637 946 quam

261 961 456 998 veritatem
500 963 666 998 secutum
707 971 788 998 esse
827 959 1131 999 confirmaverim.
1193 960 1226 998 E
1265 960 1411 1010 populis
1449 959 1637 1009 Lydorum

261 1023 409 1062 nomine
423 1022 698 1072 comprehensis
707 1023 857 1072 proprie
871 1022 980 1062 affert
988 1034 1184 1072 germanos
1194 1022 1318 1073 Lydos
1329 1022 1466 1073 (Tmoli
1478 1021 1637 1071 accolas)

261 1091 300 1125 et
334 1086 460 1135 Mysos
479 1084 540 1135 14);
569 1086 718 1136 utrique
753 1089 929 1125 narrante
955 1086 1148 1126 Herodoto
1176 1085 1285 1136 (VII,
1316 1086 1381 1135 74)
1409 1086 1529 1126 eidem
1554 1085 1638 1125 duci

260 1150 446 1190 subiuncti
472 1149 627 1199 pedibus
655 1149 866 1197 merebant;
902 1149 956 1189 illi
982 1161 1085 1190 more
1113 1149 1340 1190 Graecorum
1368 1152 1475 1190 erant
1500 1149 1639 1189 hastati

262 1213 324 1262 (cf.
365 1213 466 1251 locus
505 1212 599 1260 111);
649 1213 686 1251 hi
720 1213 841 1252 iacula
880 1214 1014 1252 adusta
1053 1214 1233 1262 gerebant
1277 1213 1328 1262 (v.
1367 1213 1552 1261 42—53).
1587 1234 1637 1239 -

262 1276 403 1323 Quarto
430 1276 512 1314 loco
540 1275 673 1314 chorus
708 1276 814 1325 ponit
840 1276 1158 1325 Babylonios,
1195 1287 1352 1325 quorum
1388 1276 1637 1326 (superiorum

261 1340 300 1378 in
339 1339 447 1389 Syria
486 1339 735 1389 dominorum)
776 1339 925 1379 nomine
963 1339 1155 1379 universos
1195 1338 1475 1389 comprehendit
1513 1337 1636 1388 Syros.

262 1407 353 1440 ναῶν
393 1402 519 1451 ἔποχοι
560 1403 607 1451 (v.
651 1404 716 1450 55)
757 1403 959 1441 Phoenices
1002 1406 1090 1441 sunt
1107 1401 1166 1450 ¹⁵).
1232 1402 1309 1451 Ipsi
1348 1401 1542 1450 Babylonii
1580 1402 1638 1441 vel

262 1466 406 1515 Assyrii
429 1466 528 1506 inter
548 1465 740 1515 pedestres
769 1468 876 1505 erant
902 1465 1026 1515 copias
1044 1463 1103 1515 16).
1156 1464 1360 1505 Phoenices
1385 1466 1511 1504 autem
1538 1464 1638 1515 (cum

262 1530 365 1578 Syris
430 1529 784 1578 Palaestinensibus)
849 1540 962 1568 naves
1023 1531 1329 1578 comparaverant
1388 1530 1574 1567 trecentas
1590 1527 1637 1576 Π)

264 1594 314 1642 (v.
353 1592 536 1641 53—56).
567 1614 613 1619 —
651 1592 845 1633 Postremo
887 1591 1020 1632 chorus
1056 1603 1101 1631 ex
1136 1592 1236 1631 omni
1270 1591 1360 1631 Asia
1394 1591 1552 1641 puberes
1590 1590 1639 1629 ad

263 1657 400 1698 bellum
426 1657 536 1696 ivisse
550 1657 675 1696 dicens
687 1656 845 1707 populos
860 1658 1037 1706 quattuor
1062 1655 1132 1695 illis
1150 1655 1358 1695 nominibus
1384 1666 1459 1694 non
1473 1665 1639 1704 compre-

264 1722 399 1761 hensos
427 1721 474 1760 ad
502 1733 615 1759 unum
644 1732 771 1760 omnes
798 1720 902 1758 addit
929 1720 979 1768 (V.
1010 1719 1193 1768 57—59).

328 1973 378 2024 ΙΙ.
442 1973 499 2023 llo
531 1972 709 2023 ducibus
742 1971 974 2022 Persarum
1008 1968 1249 2031 Aeschylus
1282 1970 1342 2031 (v.
1374 1968 1571 2028 22—52‚

667 2044 929 2116 utI—323,
964 2043 1246 2105 932—970).

371 2177 403 2216 Ε
431 2176 565 2215 dueum
603 2170 834 2215 Persicorum
871 2174 1098 2222 nominibus,
1136 2183 1230 2223 quae
1256 2171 1399 2223 profert
1426 2171 1640 2221 Aeschylus,

373 2345 420 2396 l⁵³)
447 2348 505 2392 id.‚
533 2347 613 2391 VII,
642 2347 702 2382 89.

373 2399 417 2447 14’)
444 2400 534 2436 Vide
562 2406 678 2435 notam
707 2399 753 2436 11.

373 2452 420 2502 ¹⁵)
448 2454 487 2489 Id
516 2453 653 2499 quidem
681 2457 773 2488 recte
800 2451 978 2488 adnotavit
1004 2451 1229 2497 Hartungius.

373 2505 416 2555 16)
444 2507 527 2543 Her.
556 2507 635 2550 VII,
665 2507 726 2542 63.

372 2559 416 2609 ¹⁷)
443 2561 537 2606 ibid„
565 2561 626 2595 89.
