1844 2859
830 85 887 121 θ’,

170 215 282 257 hahet
316 208 546 263 superandiq
573 210 707 249 «tamen
732 205 806 246 :hic
840 216 915 246 non
942 204 1187 253 detti-ausim,
1215 204 1293 254 sed,
1321 208 1364 246 ut
1389 216 1547 256 ecquem

173 274 412 328 ἀμφιβάλλει»,
439 274 626 320 dezso'pere
650 269 931 320 intelligendum
956 272 1026 308 est.

274 338 374 379 XIV.
429 336 490 386 (V.
520 333 627 383 280.)
654 332 869 373 Hermanno
909 331 1077 371 inficetus
1113 333 1212 372 visus
1239 336 1297 372 est
1322 332 1382 372 hic
1407 343 1548 380 veisus,

171 403 352 453 nisi-post
373 396 537 449 Ἀθηνῶν
566 396 724 446 gravius
750 397 1088 445 interpungeretur.
1144 395 1251 443 Quod
1278 406 1353 436 11011
1378 395 1549 445 probavit

170 479 290 517 neque
322 462 508 505 Meinekio
556 471 677 510 neque
708 460 925 510 Hartungio
970 470 1091 508 neque
1140 459 1242 498 mihi.
1309 459 1549 509 (Germanice

169 533 294 571 vertet
321 526 446 576 ‚Qu
489 523 562 564 mie
581 522 630 573 id)
654 523 833 574 imment
856 521 956 572 mufi,
982 532 1088 563 menn
1113 521 1162 572 id)
1190 521 1328 572 attens
1356 521 1548 573 geometr)

169 594 282 632 Suam
316 590 499 628 rationem
542 587 595 626 sie
644 587 805 636 probare
838 586 968 627 studet
1003 585 1261 625 Hennannus:
1292 586 1451 634 „Gravis
1489 590 1549 627 est

170 652 365 698 sententia,
382 650 424 689 «si
460 649 554 689 dicit
582 649 742 689 nuntius·
764 660 862 696 ,1111111
888 648 1110 697 ingemisco,
1137 659 1222 688 cum
1246 648 1446 695 recordor‘‚
1473 660 1547 697 quo

167 716 309 756 indicat-
318 713 377 753 vel
401 713 697 752 recordationem
723 712 811 752 mali
837 714 982 754 tantam
1009 712 1084 752 vim
1110 711 1259 760 habere,
1287 714 1331 752 ut
1353 723 1376 753 a
1401 711 1547 761 gemiti-

168 780 248 817 bus¹
262 782 477 825 temperare
497 775 566 814 sihi
592 768 765 823 nequeat,
794 786 839 813 ex
865 786 938 823 quo
961 774 1081 822 colligi
1093 786 1214 823 pesse,
1230 778 1546 823 quantumprae-

167 840 333 881 sentibus
345 838 461 878 videri
490 837 589 878 istud
602 837 743 878 malum
766 836 974 878 debuerit.“
1030 836 1082 877 At
1093 835 1261 886 profecto
1272 836 1345 876 ista
1361 836 1546 880 sententia

167 905 295 953 magis,
321 913 434 952 quam
462 913 532 951 pro
559 902 805 957 commotione
832 901 963 948 nuntii,
992 900 1173 942 meditata
1198 904 1267 940 est.

270 975 352 1016 XV.
382 975 444 1027 (V.
466 975 713 1025 333—338.)
765 975 822 1014 De
849 975 1024 1023 numeris,
1053 985 1146 1025 quos
1162 973 1365 1025 Aeschylus
1391 973 1544 1024 proicit,

167 1035 333 1079 diversae
361 1043 509 1078 exstant
535 1040 752 1078 sententiae.
806 1039 860 1077 Ut
901 1040 1061 1087 primum
1088 1040 1136 1077 de
1150 1039 1381 1077 Persicorum
1396 1039 1544 1077 navium

166 1115 319 1143 numero
347 1103 394 1151 (v.
433 1105 509 1142 336
546 1102 644 1152 sqq.)
680 1102 824 1150 dicam,
859 1101 920 1141 alii
955 1102 1056 1142 mille
1094 1102 1273 1141 ducentas
1299 1104 1455 1151 septem,
1483 1100 1544 1140 alii

166 1167 265 1206 mille
292 1170 521 1215 computant.
577 1168 746 1216 Apparet
772 1167 912 1215 quaeri,
941 1169 1065 1204 utrum
1093 1166 1230 1205 celeres
1256 1165 1341 1204 illae
1362 1165 1545 1207 ducentae

166 1233 203 1269 et
228 1231 370 1279 septem
390 1227 457 1278 7τὴν
485 1225 628 1278 χιλιάδα
654 1228 884 1278 compleant,
912 1240 960 1267 an
986 1229 1036 1267 ad
1076 1239 1159 1269 eam
1186 1228 1374 1267 accedant.
1429 1228 1544 1277 Equi-

168 1294 257 1331 dem²
279 1303 361 1331 cum
376 1292 420 1330 iis
436 1292 543 1340 facio,
571 1292 634 1341 qui
661 1292 731 1331 hoc
757 1295 939 1339 statuunt,
967 1292 1053 1341 quia
1066 1291 1279 1331 Herodotus
1299 1295 1429 1341 aperte
1454 1291 1544 1336 dicit

163 1356 276 1395 fuisse
291 1355 413 1394 Persis
427 1365 543 1394 naves
566 1355 668 1394 mille
680 1359 719 1394 et
744 1356 921 1394 ducentos
936 1359 1101 1405 septem:
1130 1365 1204 1394 nen
1223 1366 1296 1404 quo
1322 1358 1450 1404 putem
1466 1365 1543 1394 non

162 1420 326 1468 potuisse
356 1419 576 1468 Aeschylum
612 1430 694 1458 cum
736 1419 929 1458 Herodoto
979 1419 1025 1458 de
1060 1419 1130 1458 hac
1166 1429 1207 1457 re
1247 1418 1444 1461 dissentire
1476 1418 1542 1469 (de

162 1482 389 1521 Graecarum
416 1482 565 1521 navium
593 1493 750 1521 numero
775 1482 971 1522 manifesto
997 1483 1095 1521 inter
1124 1493 1165 1521 se
1191 1481 1448 1530 dissentiunt):
1475 1482 1541 1520 sed

160 1545 361 1594 permirum
388 1548 498 1592 esset,
526 1545 569 1593 si,
598 1556 708 1594 quem
726 1555 921 1583 numerum
948 1545 1043 1585 alter
1068 1544 1130 1594 τὴν
1145 1542 1287 1594 χιλιάδα
1300 1544 1541 1593 complevisse

134 1609 138 1615 '
160 1608 310 1657 diceret,
337 1608 449 1658 plane
477 1608 637 1647 eundem
651 1608 747 1647 alter
760 1608 807 1647 ad
825 1619 905 1648 eam
920 1607 1059 1648 faceret
1070 1609 1317 1648 accedentem.
1372 1608 1541 1659 Aeschyli

161 1673 282 1711 locum
309 1673 363 1711 sio
389 1673 551 1721 explico:
579 1672 695 1711 Xerxi
720 1673 821 1711 mille
848 1676 929 1712 erat
947 1673 1107 1721 navium,
1136 1684 1229 1722 quas
1256 1674 1424 1721 ducebat,
1439 1674 1539 1722 quod

159 1736 293 1774 attinet
309 1736 356 1774 ad
371 1735 645 1774 multitudinem
661 1735 734 1785 (bie
749 1735 877 1785 9111αῆ0,
903 1736 938 1775 le
951 1747 1038 1784 gros
1062 1758 1112 1765 -—-
1127 1748 1201 1777 11011
1217 1737 1316 1785 quod
1330 1737 1465 1775 attinet
1491 1738 1539 1777 ad

159 1799 285 1838 classis
320 1799 540 1848 summam);
578 1810 690 1838 naves
727 1802 851 1837 autem
892 1800 1081 1838 celeritate
1113 1803 1345 1849 praestantes
1389 1802 1449 1849 (111
1485 1802 1538 1839 ita

159 1862 290 1910 dicam,
319 1862 445 1902 classis
472 1862 669 1910 cornicula,
698 1862 753 1902 bie
775 1862 1021 1913 ῧῆβῐῇῧτηετ)
1047 1864 1228 1903 ducentae
1258 1867 1366 1903 erant
1391 1867 1430 1903 et
1454 1875 1538 1913 sep-

158 1929 245 1964 tem.
276 1948 322 1953 —
351 1927 459 1974 Quod
486 1927 534 1965 ad
562 1927 789 1965 Graecarum
816 1927 965 1965 navium
1004 1938 1199 1968 numerum
1233 1928 1368 1966 attinet
1394 1929 1444 1977 (v.
1461 1932 1534 1967 332

158 1989 270 2037 sqq.)‚
298 1990 427 2028 eodem
456 1990 565 2028 modo
594 1990 722 2028 decem
749 1990 830 2029 illas
858 1990 1020 2029 delectas
1051 1991 1098 2029 ad
1125 1990 1364 2029 rotundatum
1391 1994 1536 2030 trecen-

158 2053 281 2091 tarum
321 2064 516 2092 numerum
553 2052 747 2101 accedere,
789 2064 864 2093 non
891 2064 976 2105 eum
993 2043 1188 2103 complere
1213 2054 1451 2093 statuendum
1479 2059 1536 2095 est

156 2118 268 2165 atque
293 2116 331 2155 id
359 2117 507 2166 quidem
520 2117 689 2167 plerique
714 2120 928 2157 statuerunt
953 2117 1175 2167 interpretes
1200 2118 1413 2166 copulantes
1425 2119 1535 2156 τῶνδε

156 2178 275 2227 χωρίς.
329 2180 539 2219 Scholiasta.
564 2183 693 2219 contra
717 2181 849 2219 statuit
875 2181 1100 2235 coniungens
1119 2179 1230 2230 χωρὶς
1256 2181 1415 2230 ἔκκριτος
1432 2194 1534 2225 eum-

157 2251 229 2289 que
254 2242 371 2280 secuti
407 2245 497 2281 sunt
524 2241 777 2282 Blomfieldius
808 2246 848 2282 et
873 2255 956 2284 cum
982 2243 1177 2292 Pintzgero
1203 2244 1379 2294 Longius,
1405 2246 1470 2294 qui
1495 2246 1533 2284 111

155 2303 274 2343 altera
306 2306 615 2356 interpretatione
654 2306 790 2348 offendi
816 2318 898 2348 sese
923 2307 1145 2358 profitentur
1171 2308 1336 2358 epitheto
1362 2308 1531 2359 ἔκκριτος.

158 2367 238 2408 11110
265 2380 418 2418 prorsus
445 2371 482 2410 in
510 2371 675 2421 ipsorum
688 2369 799 2422 χωρὶς
826 2371 984 2422 ἔκκριτος
1010 2372 1168 2411 molesta
1185 2372 1282 2412 inest
1294 2373 1532 2413 abundantia.

154 2431 198 2475 Iu
234 2436 363 2476 nostra
398 2446 486 2481 vero
526 2435 769 2485 explicatione
796 2438 942 2476 tantum
981 2436 1096 2484 abest,
1132 2440 1175 2475 ut
1200 2436 1360 2487 ἔκκριτος
1388 2438 1532 2486 „minus

155 2498 370 2538 conveniat“
401 2498 571 2548 (Blomf.)
606 2499 665 2540 vel
694 2511 791 2549 „uon
827 2500 922 2542 bene
955 2500 995 2545 111
1019 2511 1168 2545 sensum
1194 2500 1376 2551 quadret“
1406 2501 1466 2552 (L,
1493 2506 1532 2542 et

154 2556 227 2607 P.)‚
254 2563 298 2599 ut
323 2562 530 2611 elegantem
556 2563 736 2614 praebeat
769 2574 939 2603 sensum:
966 2563 1093 2605 decem
1128 2575 1216 2606 vero
1242 2567 1350 2609 erant
1381 2567 1531 2620 praeter
