1844 2859
812 126 835 162 9

140 252 214 291 situ
240 249 469 289 Athenarum
509 249 628 298 deque
664 248 855 288 hominum
894 247 1149 296 multitudine,
1190 247 1339 298 opibus,
1379 247 1503 295 armis,

140 312 294 363 imperio
330 312 538 352 sciscitatur
564 312 616 361 (v.
656 311 888 360 158—247).
940 311 1044 349 Inter
1082 321 1178 359 quae
1209 310 1368 348 accurrit
1393 310 1503 348 homo

141 388 165 416 a
188 376 311 416 Xerxe
337 377 482 424 missus,
510 375 573 425 qui
598 374 718 414 subito
745 377 884 414 metum
909 375 947 414 in
972 375 1112 414 luctum
1139 373 1331 414 convertit.
1379 372 1503 413 Primo

141 450 223 479 cum
263 450 398 487 magna
434 438 713 487 perturbatione
751 437 906 477 effundit
940 439 1051 477 cladis
1077 438 1266 486 nuntium,
1303 438 1503 476 identidem

139 502 367 550 interruptus
380 500 483 539 chori
498 500 686 547 lamentis;
714 500 846 539 deinde
858 501 905 540 ab
920 501 1065 548 Atossa‚
1089 511 1184 549 quae
1197 511 1310 549 grave
1323 500 1504 549 tantisper

139 565 325 605 silentium
361 564 535 611 obtinuit,
574 563 737 613 graviter
775 564 1004 611 admonitus,
1044 567 1086 603 ut
1112 564 1275 603 animum
1301 563 1503 610 confirmet,

139 629 336 677 postquam
374 627 586 665 renuntiata
624 626 755 665 Xerxis
793 626 914 665 salute
952 627 1117 675 paullum
1156 638 1239 665 eam
1278 627 1413 674 erexit,
1458 627 1504 665 de

141 690 294 729 ducibus
332 690 467 737 caesis,
508 690 554 728 de
593 690 785 739 utriusque
823 689 949 729 classis
988 701 1151 737 summa,
1193 690 1239 729 de
1273 689 1503 729 Athenarum

139 752 259 792 salute
279 763 360 790 eam
381 751 470 791 facit
490 752 703 798 certiorem3
730 755 918 801 postremo
936 763 1015 791 rem
1029 763 1173 791 omnem
1188 753 1316 791 ordine
1342 754 1503 801 exponit.

141 815 236 855 Tum
262 817 419 864 Atossa,
461 816 547 866 quid
587 816 625 854 in
664 816 851 865 praesenti
889 816 1158 855 necessitudine
1198 815 1350 855 chorum
1382 815 1504 855 facere

139 880 247 928 velit,
295 879 458 927 elocuta,
506 882 548 917 ut
587 890 646 917 res
684 878 903 918 sacrificales
943 882 1150 927 comparet,
1198 879 1296 917 intro
1335 880 1412 917 abit
1451 880 1502 928 (v.

141 944 375 991 248·—526).
428 942 571 982 Chorus
604 943 751 981 interim
786 943 973 991 ingentem
999 942 1130 982 Xerxis
1166 942 1412 982 calamitatem
1441 942 1504 982 de-

138 1005 281 1055 plorat,
321 1006 378 1044 cui
413 1006 569 1055 opponit
592 1005 697 1043 Darii
735 1004 948 1044 felicitatem
974 1006 1025 1055 (v.
1054 1005 1288 1053 527—600).
1341 1006 1505 1044 Reversa

139 1069 177 1108 in
212 1080 360 1108 scenam
385 1069 521 1108 Atossa
554 1068 602 1107 ad
635 1067 784 1108 inferias
817 1068 1048 1118 peragendas
1074 1080 1155 1108 sese
1181 1069 1350 1118 accingit.
1405 1069 1504 1116 Quas

140 1131 227 1169 dum
253 1132 411 1180 peragit,
442 1130 574 1169 chorus
603 1132 763 1169 carmine
789 1132 1018 1179 queribundo
1045 1143 1170 1170 carum
1197 1143 1323 1180 regem
1350 1132 1504 1170 Darium

141 1205 186 1232 ex
211 1193 336 1233 inferis
362 1194 522 1233 excitare
541 1194 666 1233 studet
694 1195 743 1244 (v.
760 1193 995 1243 601-681).
1036 1194 1211 1233 Escendit
1238 1194 1270 1233 is
1296 1194 1335 1232 in
1360 1194 1502 1241 tumuli,

140 1258 203 1307 qui
227 1258 264 1296 in
286 1258 428 1307 postica
449 1268 580 1296 scenae
597 1260 703 1306 parte
717 1258 854 1296 eminet
868 1257 910 1307 ⁷),
938 1257 1125 1306 fastigium
1140 1261 1188 1305 et,
1217 1258 1305 1306 quid
1318 1258 1503 1305 acciderit,

140 1333 223 1361 cum
248 1320 386 1363 frustra
412 1321 634 1370 quaesiverit
655 1332 675 1359 e
698 1321 809 1360 choro
830 1321 1051 1360 verecundia
1074 1321 1283 1369 constricto,
1311 1332 1357 1359 ex
1371 1321 1506 1360 Atossa

139 1385 328 1434 comperit.
383 1384 607 1423 Gravissime
645 1388 795 1423 accusat
833 1384 897 1423 filii
923 1385 1176 1432 insolentiam,
1218 1384 1320 1423 cuius
1347 1396 1504 1433 poenam

139 1448 227 1487 dicit
247 1447 410 1487 nondum
432 1458 512 1487 esse
534 1447 763 1495 exhaustam,
791 1448 856 1487 sed
874 1459 1067 1498 superesse
1076 1448 1214 1486 malum
1235 1448 1504 1497 gravissimum,

138 1512 423 1551 internecionem
450 1511 644 1559 exercitus,
671 1523 781 1561 quem
806 1511 868 1550 ille
885 1512 922 1550 in
939 1511 1095 1550 Graecia
1120 1511 1320 1560 reliquerit.
1371 1510 1504 1558 Choro,

140 1586 248 1625 quem
289 1575 412 1614 docuit
445 1587 519 1614 non
551 1575 674 1614 salvos
707 1574 786 1614 fore
817 1575 970 1622 Persas,
1012 1575 1081 1614 nisi
1120 1575 1290 1614 bellando
1329 1574 1506 1614 adversus

140 1638 301 1677 Graecos
326 1649 478 1687 prorsus
517 1638 744 1686 abstineant,
785 1641 828 1676 ut
854 1638 1014 1676 Xerxem
1041 1638 1087 1676 ab
1113 1638 1308 1677 insolentia
1334 1638 1505 1684 abducat,

138 1701 336 1751 praecipit3
377 1701 533 1739 Atossae
558 1701 729 1748 mandat,
771 1704 813 1739 ut
852 1701 1003 1750 dignum
1038 1704 1207 1740 ornatum
1241 1701 1385 1740 obviam
1412 1699 1507 1739 ferat

138 1763 213 1803 filio
248 1775 331 1803 cum
365 1767 467 1804 veste
503 1764 654 1804 discissa
688 1764 998 1814 appropinquanti
1033 1768 1148 1815 utque
1174 1776 1259 1804 eum
1286 1764 1505 1804 consoletur.

140 1828 283 1867 Deinde
308 1828 356 1866 ad
388 1827 524 1867 inferos
558 1828 655 1867 redit
690 1829 740 1877 (v.
770 1829 1006 1877 682—844).
1059 1829 1261 1877 Postquam
1288 1830 1425 1867 Atossa
1458 1827 1507 1866 ad

139 1891 413 1941 procurandum
451 1891 666 1930 mandatum
708 1892 754 1930 de
793 1902 904 1930 scena
945 1891 1102 1931 decessit
1141 1893 1191 1942 (v.
1220 1891 1333 1941 853),
1374 1891 1507 1930 chorus

141 1955 302 1994 carmine
328 1955 431 1994 Darii
465 1966 524 1994 res
561 1954 711 1994 mirifice
737 1955 946 2004 praedicat,
986 1958 1173 2004 postremo
1206 1955 1253 1994 ad
1281 1954 1507 2004 querendam

139 2021 372 2069 praesentem
417 2018 603 2058 miseriam
645 2018 742 2057 redit
786 2020 832 2066 (v.
861 2019 1118 2067 854—885)..
1159 2018 1253 2057 Tum
1288 2019 1324 2056 in
1360 2029 1507 2057 scenam

139 2082 264 2132 prodit
290 2093 372 2121 cum
393 2082 520 2132 paucis
542 2081 759 2121 satellitibus
784 2084 822 2120 et
842 2085 945 2121 veste
972 2082 1123 2122 discissa
1149 2081 1305 2121 afflictus
1332 2093 1509 2121 aerumna

140 2148 252 2195 atque
279 2146 421 2195 pudore
455 2144 616 2184 suffusus
642 2145 796 2184 Xerxes.
853 2146 1006 2184 Alterno
1040 2146 1148 2184 huius
1176 2149 1214 2183 et
1240 2145 1340 2184 chori
1366 2146 1507 2184 cantico

141 2208 347 2247 eiulationis
386 2211 499 2258 atque
535 2208 801 2257 desperationis
843 2209 1054 2258 plenissimo
1088 2209 1279 2257 tragoedia
1303 2208 1430 2247 finitur
1457 2210 1506 2258 (v.

141 2272 402 2320 886—1048).

244 2335 360 2373 Poeta
386 2335 423 2373 in
450 2335 621 2384 fingendo
637 2339 854 2384 argumento
868 2334 1073 2385 complures
1085 2335 1260 2375 historiae
1286 2337 1508 2376 mutationes

138 2397 236 2438 fecit.

250 2599 277 2649 ⁷)
302 2600 458 2638 Siebelis.
487 2612 520 2647 p.
551 2602 611 2638 35.
