1844 2859
1022 69 1073 110 66

646 635 779 686 Notae
810 635 988 687 criticae
1018 637 1063 686 ot
1094 635 1455 687 hermeneticum

456 764 487 802 I.
543 763 606 813 (V.
639 766 685 802 16
713 763 788 812 sq.)
816 762 1055 803 Hermannus
1090 762 1230 803 formas
1266 764 1303 802 in
1335 763 1521 804 codicibus
1548 767 1737 804 exstantes

358 824 546 876 Εκβάτανα
572 829 611 866 et
635 825 796 870 Κίσσινος
821 827 969 866 retinet.
1024 826 1099 866 Sed
1118 827 1289 876 equidem
1318 838 1402 866 cum
1429 826 1562 866 Carolo
1589 826 1737 866 Prienio

350 890 485 938 (uebet
509 890 566 929 bie
592 890 721 939 metim:
747 889 812 929 hez
838 888 1039 939 ἓῐεῐῷῃῑοδ,
1067 888 1198 940 fflbeitt.
1226 889 1325 938 Sinni.
1353 889 1436 937 VH,
1464 901 1501 930 n.
1528 889 1583 941 ᾗ,
1616 892 1736 938 185ος

349 965 387 1003 p.
416 955 491 992 217
520 955 628 1002 extr„
653 952 728 1003 sq.)
755 951 1007 992 restituendas
1034 963 1116 993 esse
1152 963 1284 993 censeo
1310 952 1449 994 formas
1471 947 1673 1002 Ἀγβάτανα
1699 957 1738 992 et

305 1046 310 1050 .
349 1015 491 1060 Κίσσιος
516 1015 600 1066 ¹⁸⁹),
642 1027 799 1065 quarum
831 1016 933 1055 illam
959 1015 1150 1056 Mediccus
1192 1028 1227 1055 v.
1270 1019 1345 1057 935
1386 1016 1551 1067 itemque
1587 1016 1736 1056 Prienio

349 1081 448 1119 teste
474 1089 508 1118 v.
538 1082 614 1120 5¹30
641 1079 808 1130 praebet,
836 1079 929 1119 haec
956 1091 990 1119 v.
1022 1083 1095 1120 119
1123 1082 1164 1119 et
1189 1078 1355 1131 Ghoeph.
1383 1091 1417 1119 v.
1445 1081 1532 1120 418·
1550 1083 1709 1120 constat.

453 1142 502 1181 11.
557 1142 779 1182 Dunckerus
806 1142 888 1193 (IV,
920 1146 994 1182 737
1022 1145 1136 1192 extr.)
1162 1142 1387 1193 Aeschylum
1421 1143 1521 1182 inter
1545 1143 1736 1194 Lydoset

348 1205 476 1257 Mysos
502 1205 753 1256 proferentem
788 1205 878 1246 facit
916 1205 1104 1256 Chalybes
1131 1206 1325 1246 hastam
1348 1206 1478 1246 fabros·
1503 1210 1544 1245 et
1569 1206 1734 1245 Mardos.

347 1268 512 1308 Mutavit
543 1265 710 1319 Μάρδων,
738 1266 892 1319 Θάρυβις
920 1269 971 1319 (v.
1010 1269 1075 1318 52)
1111 1270 1151 1308 in
1172 1265 1326 1319 Μάρδοι,
1361 1265 1524 1318 Χάλυβες
1550 1279 1672 1319 neque
1696 1268 1735 1307 id

345 1331 541 1382 professus
572 1335 642 1372 est.
696 1332 867 1382 Uterque
901 1343 991 1372 vero
1017 1332 1178 1382 populus
1212 1332 1260 1372 ab
1286 1331 1358 1372 hoc
1389 1332 1470 1372 loco
1497 1335 1556 1371 est
1579 1332 1734 1371 alienus.

345 1395 504 1444 Insuper
516 1395 824 1434 absurdissimum
839 1398 898 1434 est
923 1393 1058 1444 λόγχης
1072 1394 1209 1443 ἄκμονα
1234 1395 1403 1444 accipere
1421 1394 1555 1434 hastae
1574 1394 1733 1434 fabrum.

347 1457 437 1505 Quis
464 1457 564 1497 enim
590 1452 756 1531 unquam
783 1457 930 1498 fabrum
969 1458 1068 1497 serio
1104 1458 1205 1498 dicat
1229 1457 1433 1498 incudem?
1453 1457 1574 1498 Multo
1603 1457 1733 1498 melius

344 1521 420 1561 iam
462 1521 682 1562 scholiasta:
731 1519 888 1572 ἀκίνητοι
924 1519 993 1559 ὑπὸ
1029 1519 1176 1572 λόγχης,
1212 1519 1264 1565 ὡς
1304 1518 1426 1571 ἃκμὼν
1463 1520 1534 1559 ὑπὸ
1578 1524 1734 1571 σφυρῶν.

346 1584 421 1624 Sed
449 1572 571 1634 ἄκμων
598 1585 659 1624 hic
686 1584 837 1624 omnino
864 1595 939 1623 non
967 1587 1025 1623 est
1041 1584 1314 1624 substantivum
1334 1584 1486 1634 (incus),
1513 1595 1642 1623 verum
1668 1583 1735 1623 ad-

345 1647 519 1687 iectivum
546 1647 879 1697 (indefatigabilis).

450 1709 518 1749 111.
573 1710 636 1760 (V.
675 1711 756 1758 22.)
798 1709 956 1756 Medic,
997 1709 1044 1748 al.
1083 1704 1287 1759 Ἀμίστρης,
1325 1709 1480 1751 Robort.
1515 1703 1732 1759 Ἀμήστρης.

345 1785 380 1812 v.
409 1776 484 1812 315
512 1772 661 1821 Medic„
690 1772 738 1811 al.
753 1768 953 1822 Ἀμιστρις,
980 1771 1144 1811 Brunck.
1164 1768 1378 1822 Ἄμηστρις.
1432 1771 1646 1821 Seqimntur
1672 1772 1735 1811 alii

345 1836 419 1874 illic
446 1836 602 1884 codices,
633 1836 694 1874 hic
721 1834 974 1874 Brunckium:
1003 1834 1094 1875 mibi
1124 1834 1201 1874 illic
1224 1834 1475 1883 Roborhellus,
1491 1835 1563 1874 hic
1589 1834 1733 1875 codices

345 1899 563 1948 probantur.
619 1898 793 1949 Cogitent
828 1898 890 1938 alii
917 1898 978 1938 -de
1014 1898 1157 1938 duabus
1193 1898 1359 1939 eiusdem
1399 1899 1559 1939 nominis
1584 1898 1732 1938 formis:

346 1974 415 2012 ego
443 1963 517 2002 duo
545 1973 626 2002 esse
652 1962 804 2002 nomina
832 1962 999 2011 duasque
1026 1973 1205 2011 personas
1232 1965 1335 2011 puto.

450 2024 515 2063 IV.
572 2024 635 2074 (V.
673 2024 781 2074 944.)
817 2024 914 2063 Edd.
954 2027 1098 2064 recent.
1133 2035 1154 2064 e
1191 2023 1380 2074 Mediceo‚
1408 2025 1490 2066 aliis
1520 2024 1731 2076 Μασίστρας.

345 2088 530 2138 Equidem
557 2081 762 2137 Μασίότρης
787 2088 1035 2137 probaverim,
1054 2088 1155 2137 quod
1182 2088 1357 2127 exhibent
1383 2088 1542 2127 Parisini
1568 2089 1731 2138 quidam,

346 2144 404 2191 ed.
432 2151 563 2201 princ„
590 2151 759 2199 Robort.‚
774 2150 908 2199 Turn.;
937 2162 1058 2206 neque
1072 2151 1170 2191 enim
1196 2151 1316 2201 video,
1344 2162 1411 2191 cur
1435 2154 1548 2202 poeta
1573 2151 1733 2192 nominis

344 2215 504 2256 formam
531 2216 751 2263 mutaverit;
780 2218 819 2254 et
843 2215 951 2255 facile
977 2219 1127 2265 poterat
1152 2216 1190 2254 in
1218 2216 1320 2254 exitu
1346 2227 1475 2255 versus
1503 2220 1579 2255 944
1606 2216 1733 2254 termi-

344 2279 447 2318 natio
475 2292 517 2322 ας
545 2290 566 2317 e
591 2279 703 2317 vicini
728 2289 857 2318 versus
885 2278 987 2317 exitu
1013 2275 1259 2329 (Ὑσταίχμας)
1286 2279 1387 2319 oriri.

450 2341 497 2382 V.
551 2342 615 2392 (V.
646 2341 726 2392 36.)
752 2341 917 2392 Langius
953 2345 992 2382 et
1020 2342 1243 2392 Pintzgerus
1268 2342 1571 2381 ΠΗΓΑΣΤΑΓΩΝ
1596 2354 1731 2383 nomen

454 2542 515 2594 ¹⁸²)
542 2545 644 2581 Hanc
670 2547 739 2581 iam
766 2546 989 2582 restituerunt
1016 2545 1209 2583 Meinekius
1237 2549 1271 2582 et
1298 2546 1524 2594 Hartungius.
