1844 2859
828 79 887 130 '⁷3

172 235 297 274 dicere
317 242 393 271 non
419 227 578 279 potuit.“
634 227 754 274 Quasi⁴
771 237 863 265 vero
890 235 1019 265 omnes
1045 236 1116 273 ree,
1145 236 1237 275 quas
1263 226 1371 265 scivit
1385 224 1547 276 Aeschy-

170 299 240 345 lus,-
260 298 396 336 Atossa
407 286 557 341 quoque
582 290 678 329 sciat
690 289 915 339 Aeschylee!
957 289 998 328 Si
1027 289 1138 328 sciret
1159 300 1234 337 eas,
1262 300 1337 328 non
1353 294 1549 339 quaereret

171 360 349 412 profecto,
376 356 438 396 ubi
463 354 559 394 sitae
585 356 711 393 essent
739 352 908 392 Athenae
934 354 987 403 (v.
1017 354 1122 403 230).
1177 353 1340 403 Langius
1367 357 1406 392 et
1424 352 1549 392 Pintz-

171 436 282 474 gerus
307 420 466 471 γέφυραν
495 418 622 457 dicunt
634 417 871 456 Homericam
899 417 1087 456 notionem
1116 417 1252 456 habere
1278 420 1317 456 et
1343 416 1549 466 significare

171 487 472 535 Hellespontum*
489 480 606 535 (qnod
645 480 719 519 iam
755 483 985 519 commentus
1011 483 1070 519 est
1096 479 1306 519 scholiasta.
1360 478 1551 529 Significat

172 553 296 589 autem
322 543 462 595 γέφυρα
488 543 589 593 apud
615 543 819 582 Homerum
844 552 1024 592 aggerem
1049 543 1110 592 (Il.
1138 542 1183 590 V,
1216 543 1296 592 88),
1324 544 1457 583 deinde
1482 553 1550 592 per

172 609 451 652 translationem
478 606 728 652 intervallum,
755 605 856 654 quod
884 609 1076 654 tamquam
1102 616 1217 654 agger
1241 606 1338 645 acies
1359 618 1476 655 usque
1501 606 1549 645 ad

171 673 316 714 initium
356 669 488 719 proelii
521 669 699 717 disiungit
723 668 785 719 (Il.
821 668 886 716 IV,
917 671 1012 716 371,
1041 668 1222 718 saepius),
1277 668 1492 719 Aeschylus,
1518 669 1550 708 si

171 735 281 776 simili
326 732 587 772 translatione·
623 735 731 771 utens
770 729 925 782 γέφυραν
965 732 1207 772 intellexisset
1246 732 1548 782 Hellespontum,

171 799 296 850 potius
322 796 526 836 addidisset
552 799 626 845 γαῖν
654 796 747 834 δυοῖν
783 793 957 846 λυτηρίαν,
985 806 1097 845 quam
1123 788 1196 844 γάῑν
1220 796 1313 834 δυοῖν
1336 794 1550 846 ζευκτηρίαν.

274 859 416 901 XXIII.
469 858 531 909 (V.
576 861 650 898 746
686 859 761 909 sq.)
796 854 1012 908 ὀεσμώματα
1051 862 1138 898 sunt
1163 859 1309 898 vincula
1343 859 1381 898 in
1407 858 1552 899 Helles-

171 927 327 975 pontum
354 923 514 961 demissa
539 925 578 960 et
603 922 829 971 iungendum
858 925 916 961 est
942 921 1084 971 σχήσειν
1118 918 1250 971 ῥέοντα.
1279 944 1331 950 -
1358 922 1552 962 Schutzius

171 987 395 1027 assentiente
416 984 648 1025 Blomfieldio
669 981 883 1035 δεσμὺματα
908 984 1115 1034 significare
1141 988 1250 1035 putat
1270 986 1395 1035 pontis
1414 986 1553 1025 retina-

171 1050 275 1089 cula:
304 1060 390 1088 nam
402 1049 451 1087 de
466 1048 620 1087 vinculis
635 1048 879 1097 Hellesponto
905 1049 1049 1087 iniectis
1076 1048 1167 1087 nihil
1185 1048 1340 1088 Darium
1354 1049 1551 1088 audivisse.

172 1115 222 1152 At
246 1123 295 1152 ne
329 1112 422 1151 haec
449 1112 598 1161 quidem
625 1112 790 1159 audivit,
817 1111 981 1151 Xerxem
1008 1111 1153 1151 Graeca
1176 1123 1286 1151 sacra
1311 1112 1489 1152 evertisse
1516 1116 1554 1151 et

171 1180 313 1217 vestem
338 1185 444 1215 suam
471 1175 673 1215 discidisse.
727 1175 778 1213 Et
791 1178 916 1214 tamen
942 1175 1024 1213 scit.
1078 1175 1155 1214 Scit
1168 1178 1294 1215 autem
1312 1175 1436 1214 omnia
1448 1175 1552 1223 haec,

171 1244 214 1279 ut
237 1241 277 1279 in
315 1238 625 1279 commentatione
665 1238 940 1288 explicavimus,
978 1250 999 1277 e
1025 1238 1209 1278 vaticinio.
1237 1260 1290 1266 ——-
1316 1239 1480 1288 Langius
1513 1244 1554 1279 et

171 1304 388 1352 Pintzgerus
420 1305 550 1342 vetant
569 1317 572 1320 ·
588 1302 761 1351 coniungi
789 1300 930 1351 σχήσειν
959 1297 1101 1350 ῥέοντα,
1144 1302 1243 1351 quod
1269 1301 1552 1352 Hellespontum

172 1366 371 1417 impedire,
415 1366 611 1416 quominus
651 1364 803 1413 flueret,
846 1375 968 1415 neque
994 1364 1136 1405 Xerxes
1175 1366 1396 1415 tentaverit,
1431 1377 1553 1416 neque

172 1433 337 1469 tentasse
363 1440 447 1468 eum
474 1429 678 1478 Aeschylus
704 1428 870 1477 potuerit
907 1428 1040 1467 dicere.
1096 1429 1152 1466 Ne
1177 1429 1257 1478 ipse
1284 1429 1434 1478 quidem
1459 1432 1552 1479 puto

173 1493 335 1533 Xerxem
361 1502 448 1532 vere
473 1492 511 1531 id
539 1502 620 1532 esse
646 1490 835 1539 molitum3
864 1491 930 1531 sed
943 1494 1069 1531 tamen
1095 1491 1216 1531 moliri
1242 1492 1340 1532 visus
1368 1495 1426 1533 est
1451 1492 1553 1533 ideo-

174 1567 247 1605 que
271 1556 379 1595 facile
405 1555 538 1604 aliquis
564 1555 686 1602 dicat,
712 1554 934 1604 praesertim
960 1556 1195 1604 vituperans,
1223 1567 1311 1595 vere
1337 1567 1421 1595 eum
1446 1568 1553 1606 spem

173 1619 275 1671 illam
298 1619 469 1658 insanam
495 1617 679 1658 habuisse.

278 1681 416 1719 XXIV.
471 1680 534 1730 (V.
564 1681 670 1730 806.)
695 1681 904 1721 Scholiasta
930 1683 963 1719 A
991 1682 1098 1719 λείπει
1138 1683 1358 1721 neutraliter
1381 1683 1556 1732 intelligit

175 1748 214 1786 et
238 1740 463 1795 πεπεισμένος
488 1744 537 1784 ad
563 1742 712 1795 στρατός
739 1743 872 1794 refert,
900 1755 969 1795 pro
997 1756 1070 1795 quo
1098 1746 1236 1796 πλῆθος
1263 1749 1414 1797 στρατοῦ
1441 1749 1555 1797 poeta

175 1808 311 1847 dixerit
350 1808 402 1854 (v.
443 1808 549 1856 804).
602 1808 676 1847 Sed
716 1809 992 1847 assentiendum
1027 1813 1087 1848 est
1120 1810 1386 1858 glossatoribus
1420 1809 1556 1850 codicis

176 1870 333 1911 Medicei
360 1874 399 1910 et
424 1870 721 1921 VitebergensiS,
761 1872 826 1921 qui
852 1871 959 1910 λείπει
995 1872 1114 1912 active
1149 1872 1410 1913 intellexerunt
1443 1876 1483 1913 et
1516 1884 1556 1913 a-

176 1936 406 1985 scripserunt
420 1935 701 1984 explicationem
727 1932 749 1972 ὁ
772 1933 916 1985 Ξέρξης.
971 1936 1078 1983 Quod
1091 1937 1296 1976 subiectum
1309 1949 1384 1977 non
1406 1948 1557 1987 expres-

175 2007 260 2037 sum
298 2007 381 2037 esse
418 1997 558 2036 mirans
584 1997 820 2036 Hei-mannus
859 2009 928 2047 pro
964 2008 1035 2038 sua
1075 1999 1339 2039 consuetudine
1378 1999 1557 2040 excidisse

178 2061 310 2100 statuit
348 2072 496 2100 versum
531 2060 666 2100 Xerxis
707 2072 843 2100 nemen
879 2062 1140 2101 continentem.
1195 2062 1268 2103 Sed
1302 2063 1454 2102 minime
1487 2063 1557 2103 mi-

177 2124 336 2164 randum
362 2127 420 2164 est
445 2125 651 2163 subiectum
666 2121 799 2174 Ξέρεης
825 2136 899 2164 non
919 2136 1002 2164 esse
1014 2137 1241 2175 expressum.
1295 2125 1432 2165 Darius
1457 2127 1557 2165 enim

178 2186 292 2227 verba
329 2186 444 2227 refert
482 2187 663 2234 vaticinii,
705 2185 764 2226 in'
784 2199 857 2238 quo
892 2200 966 2228 non
1003 2193 1084 2229 erat
1119 2199 1253 2229 nomen
1280 2191 1342 2227 τοῦ
1370 2188 1556 2234 λείποντος.

180 2250 290 2291 Hunc
313 2255 438 2291 autem
452 2251 614 2291 Xerxem
642 2263 723 2291 esse
749 2252 823 2291 iam
849 2256 1064 2303 promptum
1093 2256 1206 2303 atque
1227 2254 1461 2304 propositum
1488 2257 1557 2294 est.

180 2314 303 2364 Atque
336 2316 369 2355 is
404 2326 448 2354 eo
483 2315 624 2355 facilius
659 2315 896 2365 intelligitur,
951 2316 1050 2366 quod
1085 2319 1166 2357 tota
1200 2316 1270 2356 hac
1304 2328 1416 2357 scena
1441 2317 1489 2357 de
1514 2328 1558 2357 eo

180 2377 414 2428 potissimum
440 2378 641 2428 cogitatur3
673 2378 717 2417 cf.
745 2390 779 2417 v.
809 2382 898 2427 831,
926 2379 988 2419 ubi
1015 2379 1149 2420 dicitur
1175 2378 1314 2425 ἐκεῖνος.
1343 2379 1560 2431 (Praeterea

182 2438 228 2480 cf.
254 2453 289 2480 v.
317 2442 423 2492 445).

256 2545 259 2549 Α
285 2503 405 2550 XXV.
460 2505 522 2556 (V.
539 2505 644 2555 768.)
670 2503 785 2555 τριτὸς
812 2499 870 2548 ἀπ’
899 2502 1009 2545 αὐτοῦ
1037 2505 1086 2545 de
1112 2506 1311 2556 soleregni
1330 2508 1561 2549 successione

182 2567 461 2617 intelligendum
501 2572 570 2610 est.
622 2569 738 2608 Errat
775 2569 999 2609 Duneloerus
1036 2569 1115 2618 (Π,
1156 2575 1233 2611 474
1272 2582 1310 2612 n.
1341 2572 1380 2621 l)
1413 2572 1557 2611 dicens:
