1844 2859
979 57 1028 112 74

310 195 404 243 „fflei
430 194 618 246 &debuine
643 197 684 237 in
710 197 777 238 ben
804 196 959 248 §Betiern
987 197 1029 244 iit
1056 196 1181 246 Rotae
1208 196 1269 236 ber
1297 195 1495 242 (5111101106
1516 196 1690 240 metu&

305 258 386 298 Imo
412 258 609 299 dicendum
637 263 696 300 est
724 259 811 308 „bet
837 260 946 300 britte
971 259 1091 310 essnig
1117 271 1190 301 uon
1217 259 1296 311 bem
1322 259 1452 302 91101101
1479 271 1528 301 (111
1564 260 1693 310 atereth:

307 323 401 364 net.“
458 321 576 373 Cyrus
613 336 728 374 nepos
765 328 823 364 est
857 323 922 364 filii
949 323 1050 364 Medi
1088 324 1323 374 (Astyagis),
1355 323 1457 365 Medi
1484 323 1693 374 (cymi-is)

307 397 505 436 pronepos.
1290 419 1293 422 ,
1410 418 1412 420 .
1576 421 1581 424 ,
1608 423 1609 429 ,

411 449 551 489 XXVI.
606 450 670 499 (V.
700 450 805 500 779.)
832 450 877 489 111
917 452 1104 491 codicibus
1140 452 1238 491 inter
1263 451 1436 496 Mardum
1470 455 1512 490 et
1538 451 1692 493 nauium

306 516 433 552 sextus
460 513 652 562 Maraphis
670 512 749 561 ¹⁸⁷),
776 514 957 562 septimus
981 514 1236 563 Artaphrenes
1263 518 1463 564 ponuntur.
1517 514 1693 553 111811111-

306 576 367 614 leii
393 576 479 615 tulit
504 577 701 624 sententia,
729 576 934 626 Aeschylus
960 580 1047 626 post
1074 581 1248 619 necatum¹
1274 589 1297 616 a
1323 582 1467 627 septem
1491 578 1692 617 coniuratis

307 638 460 688 Magum
488 651 563 678 11011
590 640 718 679 statim
744 639 900 679 Darium
928 651 1084 690 regnum
1112 641 1355 690 excipientem
1368 671 1377 689 ,
1413 641 1479 681 sed
1507 652 1528 680 e
1560 640 1692 680 ceteris

307 703 509 741 coniuratis
534 703 629 741 duos
655 703 738 742 illos
764 706 852 742 aute
879 715 965 742 eum
991 707 1189 753 regnantes
1229 707 1266 742 et
1293 704 1391 744 hunc
1424 704 1497 743 illis
1523 716 1544 742 e
1570 704 1692 743 medio

306 766 461 806 sublatis
489 766 639 804 demum
664 767 822 816 irnperio
848 768 1053 816 potientem
1088 768 1186 807 fecit.
1244 769 1293 806 At
1319 779 1414 816 quae
1442 771 1500 807 est
1525 768 1690 816 reliqmre

307 829 530 868 narrationis
567 829 794 879 Aeschyleae
834 842 917 871 cum
958 842 1082 869 rerum
1122 831 1301 870 memoria
1341 831 1578 880 conspiratio,
1617 842 1691 869 non

305 892 428 942 potuit
475 891 546 931 1100
594 904 667 932 11110
719 892 801 932 1000
849 896 962 942 poeta
1012 896 1207 943 tantopere
1247 906 1270 933 a
1309 894 1466 933 veritate
1505 893 1690 934 recedere.

306 955 453 995 Primus
480 955 675 995 Schntzius
690 957 850 1006 (excurs.
880 956 929 995 II.
956 969 994 1006 p.
1026 957 1117 1006 130)
1145 958 1317 1006 cognovit
1330 960 1475 997 sextum
1493 956 1690 1007 Maraphin

306 1022 344 1058 et
370 1019 862 1069 septimumArtaphrenem
889 1032 910 1059 e
937 1020 1063 1069 glossa
1089 1021 1125 1060 in
1154 1024 1298 1061 textum
1312 1021 1517 1071 irrepsisse.
1540 1045 1543 1047 -
1574 1019 1691 1070 „Cum

305 1083 518 1131 nimirum“,
560 1083 701 1133 inquit,
750 1087 916 1133 „septem
966 1084 1152 1134 principes
1186 1077 1392 1125 'Persarum
1431 1085 1480 1125 ad
1521 1084 1691 1130 Smerdin

305 1146 511 1187 tollendum
539 1147 752 1187 coniurasse
787 1150 917 1187 notum
945 1151 1063 1195 esset,
1091 1147 1308 1188 scholiastes
1333 1148 1439 1188 forte-
1458 1148 1608 1198 quidam
1643 1147 1691 1186 ad

306 1210 525 1259 explicanda
550 1210 722 1259 Aeschyli
757 1211 870 1249 verba
905 1206 958 1254 οἷς
984 1205 1058 1248 τόδ’
1083 1209 1125 1260 ἧν
1152 1208 1259 1261 χρέος
1296 1211 1347 1261 (v.
1387 1213 1479 1259 778)
1505 1211 1693 1250 adiecerat

305 1276 449 1322 septem
486 1273 764 1313 coniuratorum
801 1274 952 1312 nomina
987 1274 1106 1313 tribus
1141 1274 1295 1314 senariis
1321 1275 1483 1322 inclusa,
1511 1285 1533 1313 e
1559 1275 1690 1324 quibus
1766 1303 1769 1305 -

305 1336 440 1375 tertius
480 1347 525 1375 eo
564 1335 708 1378 facilius
746 1336 785 1375 in
824 1339 968 1375 textum
1009 1337 1173 1386 irrepere
1214 1338 1358 1386 potuit,
1386 1337 1486 1387 quod
1516 1349 1692 1383 numerus

307 1397 408 1443 ἕκτος
426 1400 546 1439 ordini
563 1411 693 1450 regum
712 1400 993 1449 responderet.“
1041 1400 1247 1440 Schoellius
1262 1412 1310 1440 ne
1338 1397 1390 1445 οἷς
1416 1395 1490 1438 τόδ’
1517 1397 1559 1450 ἧν
1586 1398 1693 1451 χρέος

308 1463 456 1512 quidem
508 1463 752 1514 Aeschyleum
814 1464 920 1503 duxit
976 1464 1287 1513 scribendumque
1339 1465 1536 1514 proposuit
1588 1462 1693 1507 aino<

307 1525 469 1576 ἕβδομος.
525 1528 608 1574 Qua
634 1527 671 1565 in
699 1539 741 1566 re
766 1539 828 1566 me
853 1528 1002 1576 quidem
1020 1539 1258 1577 summopere
1284 1527 1397 1567 habet
1415 1527 1691 1567 assentientem.

306 1588 473 1628 Primum
501 1590 597 1629 enim
627 1587 734 1633 αὐτὸς
760 1588 909 1639 ἕβδομος
936 1601 1003 1640 per
1025 1601 1066 1629 se
1093 1590 1211 1630 multo
1238 1590 1356 1640 magis
1383 1589 1474 1630 mihi
1499 1590 1691 1640 probatur,

307 1653 664 1704 quamlanguidum
700 1650 753 1697 οἷς
788 1648 862 1691 τόδ’
897 1650 939 1703 ἧν
967 1650 1084 1704 χρέος.
1137 1654 1281 1693 Deinde
1317 1665 1362 1693 ex
1397 1653 1472 1702 illo,
1510 1653 1573 1703 qui
1609 1656 1692 1694 orta

305 1717 356 1756 sit
394 1717 616 1756 scholiastae
655 1717 796 1767 glossa,
841 1717 959 1756 multo
999 1716 1142 1756 facilius
1180 1717 1357 1767 intelligo.
1421 1717 1690 1766 Hermannum,

307 1781 370 1830 qui
396 1780 606 1830 suspicatus
634 1783 693 1819 est
718 1779 941 1828 Aeschylum
980 1780 1041 1819 hic
1065 1783 1209 1829 septem
1238 1780 1513 1820 coniuratorum
1541 1781 1690 1820 nomina

307 1854 544 1883 enumerasse
571 1846 684 1892 atque
712 1843 862 1881 omnino
897 1843 1102 1892 pleniorem
1140 1844 1186 1882 de
1213 1844 1467 1882 coniuratione
1500 1844 1692 1893 descripti-

306 1918 416 1945 onem
442 1906 702 1955 proposuisse,
743 1917 764 1944 e
800 1917 875 1954 qua
900 1910 1175 1954 postremorum
1215 1906 1373 1945 duorum
1415 1906 1690 1946 coniuratorum

262 1976 266 1979 '
306 1970 460 2009 nomina
499 1972 538 2007 et
577 1968 770 2018 epitheton
810 1968 934 2007 Mardi
962 1967 1138 2014 ὑπόξυλος
1165 1972 1315 2009 servata
1350 1972 1497 2017 essent,
1535 1980 1690 2019 prorsus

306 2031 483 2072 refutavit
507 2031 724 2073 Schoellius.
752 2054 804 2059 —-
831 2032 939 2079 Quod
975 2032 1024 2071 ad
1062 2030 1236 2077 ὑπόξυλος
1273 2033 1428 2081 attinet,
1457 2033 1556 2082 quod
1582 2043 1691 2072 voca-

306 2095 434 2135 bulum
473 2095 677 2135 secundum
717 2095 956 2135 scholiastam
996 2090 1266 2145 Hermogenis'
1289 2096 1387 2145 apud
1435 2095 1603 2136 Bastium
1643 2096 1691 2135 ad

307 2158 530 2208 Gregorium
567 2157 652 2198 Cor.
693 2171 729 2209 p.
775 2162 847 2198 241
887 2159 1058 2199 adhibuit
1092 2156 1268 2209 Αἰσχύλος
1304 2157 1340 2198 ἐν
1375 2155 1538 2209 Πέρσαις,
1564 2158 1689 2203 Blom-

415 2337 477 2387 ¹⁸⁷)
503 2340 612 2376 Recte
652 2339 690 2376 C.
720 2339 888 2376 Miillerus
926 2340 1036 2387 (Ctes.
1079 2340 1178 2386 srgm.
1211 2341 1257 2375 64
1285 2338 1320 2388 a)
1346 2339 1439 2376 hunc
1479 2344 1514 2375 et
1554 2339 1689 2377 Ctesiae

305 2391 480 2441 Βαρίσσην
507 2392 773 2439 respondentem
813 2392 895 2429 facit
921 2392 1089 2429 Herodoti
1116 2390 1278 2441 Γωβρύῃ,
1318 2394 1377 2438 qui
1404 2397 1457 2428 est
1482 2394 1515 2427 in
1542 2393 1690 2439 inscrip-

305 2448 398 2481 tione
424 2445 612 2481 Behistana
634 2445 860 2482 Gaubaruva.
905 2443 940 2480 M
953 2440 976 2481 οἱ
990 2456 1010 2493 ρ
1025 2456 1049 2481 α
1064 2457 1089 2493 φ
1106 2457 1147 2487 ις
1184 2451 1218 2481 01
1243 2443 1271 2481 Β
1286 2456 1310 2481 α
1323 2456 1344 2493 ρ
1361 2442 1408 2481 ίσ
1422 2456 1442 2481 σ
1456 2456 1479 2493 η
1495 2457 1512 2487 ς
1539 2447 1689 2498 nomina,

305 2504 344 2535 ut
364 2509 444 2535 mea
460 2499 525 2535 fert
550 2500 730 2543 sententia,
757 2498 878 2535 eadem
892 2498 1107 2535 mutilatione
1121 2502 1197 2534 orta
1223 2503 1303 2534 sunt
1329 2509 1349 2534 0
1377 2498 1456 2535 Gau
1473 2497 1494 2534 b
1508 2509 1530 2534 a
1543 2509 1560 2533 ι·
1573 2509 1596 2533 11
1611 2510 1633 2535 v
1647 2509 1687 2543 a,

306 2563 377 2598 qua
402 2546 678 2599 Δαφέρνης
705 2550 861 2600 (Hellen.
887 2552 990 2598 frgm.
1018 2551 1108 2598 167)
1136 2562 1156 2587 0
1182 2551 1500 2588 Vindafrana.
