1844 2859
861 115 910 154 59

198 243 324 281 autem
349 246 504 290 regnum
544 252 568 279 a
597 239 694 290 cyro
733 240 928 281 subactum
966 252 1011 281 eo
1052 240 1171 290 magis
1209 239 1575 280 commemorandum

198 304 298 351 erat,
339 310 413 352 quo
450 302 571 352 magis
610 303 788 342 contrarii
831 305 921 342 sunt
960 304 1034 342 acti
1069 314 1092 341 a
1127 303 1224 353 Cyro
1264 303 1311 341 de
1348 295 1575 342 Graecorum

197 366 363 407 finitimis
390 366 554 417 ipsisque
581 365 735 407 Graecis
771 365 951 417 triumphi
985 365 1120 407 Xerxis
1147 365 1348 407 calamitati
1377 377 1401 405 a
1426 364 1578 405 Graecis

199 434 386 480 acceptae.
441 430 644 479 Aeschylus
671 430 839 470 ordinem
860 432 964 469 tenet
991 430 1300 480 chronologicum,
1328 442 1412 469 cum
1437 428 1579 479 profert

199 492 342 543 Lydos,
395 492 581 542 Phryges,
626 492 747 531 Iones
823 492 941 541 Nam,
990 493 1021 532 si
1066 493 1167 532 credi
1211 493 1298 532 licet
1340 491 1581 541 Xenophonti

201 555 353 607 (Gyrop.
381 554 465 603 VII,
494 558 530 603 4,
563 555 627 605 16)
645 553 723 606 ¹⁶⁴),
750 555 891 605 primos
915 544 1035 606 Cyrus
1062 555 1187 607 Lydos
1216 555 1371 604 domuit,
1387 553 1580 595 'secundos

200 618 378 659 Sardibus
402 618 595 657 Ecbatana
620 621 811 658 revertens
830 618 1021 669 Phryges‚·
1046 620 1177 658 tertios
1205 621 1352 658 constat
1377 618 1486 657 Iones
1512 627 1581 666 per

201 682 390 721 Mazarem
417 684 456 720 et
482 681 700 731 Hal-pagum
727 681 775 720 ad
788 681 984 731 imperium
1012 683 1091 722 eius
1119 689 1200 721 esse
1226 681 1432 721 adiunctos.
1487 680 1580 719 Cum

201 756 236 784 v.
266 745 340 784 769
369 753 585 794 comparare
606 745 721 791 iuvat,
751 743 851 793 quod
878 744 967 783 dicit
985 743 1198 784 Herodotus
1224 743 1307 793 (III,
1336 744 1416 792 89),
1443 742 1580 792 Cyrum

202 820 226 847 a
250 807 374 847 Persis
399 810 546 857 patrem
573 818 656 846 esse
680 806 920 857 appellatum,
948 802 1002 846 ὅτι
1027 805 1133 858 ἤπιός
1157 820 1195 845 τε
1220 803 1263 857 ἧν
1290 804 1349 845 καὶ
1376 802 1494 856 ἀγαθά
1520 818 1582 855 σφι

202 867 315 909 πάντα
354 869 614 920 ἐμηχανήσατο.
681 870 740 909 Ad
780 882 815 910 v.
863 873 937 909 772
983 881 1029 909 ex
1068 870 1251 910 Herodoti
1289 869 1473 909 sententia
1511 868 1582 907 diei

202 936 347 984 potest,
372 935 563 983 postremo
597 936 724 972 tamen
750 932 888 983 Cyrum
924 934 1085 973 sensisse
1112 931 1243 983 φθόνον
1270 934 1378 980 θεοῦ,
1415 931 1584 981 deposita

204 995 411 1047 εὐφροσύνῃ.
465 996 551 1046 Gyri
577 1007 826 1036 successorem
839 1027 848 1044 ,
884 1000 926 1035 ut
953 996 1100 1046 egregie
1132 996 1342 1035 observavit
1367 994 1582 1041 Schoellius,

203 1059 324 1109 perite
349 1062 512 1109 apteque
523 1062 636 1109 poeta
661 1070 736 1098 uno
762 1070 871 1098 versu
900 1059 1011 1108 (773)
1041 1059 1129 1098 dicit
1151 1058 1236 1109 Cyri
1261 1057 1377 1097 filium
1405 1061 1444 1096 et
1470 1068 1584 1107 penes

206 1129 315 1172 quem
348 1120 461 1161 fuerit
487 1122 650 1161 omnium
677 1132 822 1161 summa
849 1133 995 1170 rerum,
1022 1133 1097 1162 non
1129 1121 1281 1161 laudato
1310 1122 1389 1161 eius
1415 1121 1582 1160 nomine:

207 1190 340 1235 ,neque
374 1185 473 1224 enim
507 1184 714 1223 laudandus
752 1187 833 1223 erat
868 1184 1089 1235 Cambyses,
1117 1188 1157 1223 at
1183 1186 1264 1222 erat
1295 1183 1391 1222 filius
1417 1182 1585 1232 magnifi-

207 1249 408 1289 centissimi
441 1252 635 1288 terrarum·
661 1249 941 1298 expugnatoris,
983 1251 1021 1287 et
1061 1248 1232 1287 dominus
1274 1247 1533 1297 appellabatur
1562 1258 1586 1285 a

206 1312 384 1351 barbaris‘
403 1310 480 1360 ¹⁵⁸).
548 1312 692 1350 Deinde
733 1311 936 1350 Schoellius
978 1312 1024 1350 de
1064 1324 1098 1349 v.
1145 1314 1350 1349 774-778
1386 1310 1586 1349 maximam

208 1378 356 1426 partem
394 1375 586 1425 praeclara
623 1374 785 1425 profert,
827 1375 960 1425 quibus
998 1375 1055 1415 uti
1095 1374 1184 1414 mihi
1225 1374 1451 1426 (corrigenti,
1491 1383 1587 1424 quae

210 1440 331 1477 minus
358 1442 530 1477 accurate
557 1439 661 1487 dixit)
686 1439 807 1477 liceat.
862 1439 1040 1485 Quintum
1067 1450 1194 1487 regem
1221 1442 1350 1487 aperte
1378 1438 1589 1476 declaratur

210 1501 348 1542 scelere
364 1509 520 1551 regnum
538 1500 738 1551 peperisse,
767 1501 972 1542 maculasse
989 1501 1225 1552 splendorem
1246 1500 1372 1552 stirpis
1386 1522 1437 1528 —-
1451 1500 1589 1550 quippe

210 1566 274 1614 qui
298 1576 339 1604 se
366 1576 447 1604 esse
473 1565 560 1614 Gyri
583 1564 699 1603 filium
734 1565 945 1604 simulasset
962 1565 1026 1614 156)
1055 1588 1105 1593 -
1134 1569 1172 1604 et
1206 1566 1332 1614 regni;
1370 1564 1437 1604 sed
1462 1567 1587 1603 tamen

209 1627 404 1678 ponendus
439 1629 496 1666 est
521 1627 620 1666 inter
645 1637 771 1677 reges,
800 1628 974 1677 quoniam
1008 1637 1141 1678 reapse
1166 1627 1336 1678 regnavit
1362 1625 1589 1676 aliquamdiu

211 1691 392 1740 Cambyse
417 1691 519 1737 vivo,
547 1693 690 1739 septem
721 1701 789 1739 per
814 1702 960 1730 menses
987 1694 1146 1730 mortuo.
1202 1690 1406 1740 Aeschylea
1432 1689 1589 1729 nominis

209 1753 330 1795 forma
355 1750 498 1805 Μάρδος
524 1755 654 1804 aperte
681 1754 773 1804 (non
786 1764 905 1804 aeque
931 1764 1059 1804 prope,
1088 1756 1130 1793 ut
1156 1753 1245 1793 dicit
1272 1752 1487 1802 Schoellius,
1506 1752 1588 1802 sed)

210 1819 328 1857 multo
346 1819 499 1867 propius
518 1818 624 1856 abest
645 1830 668 1856 a
692 1817 812 1857 forma
839 1819 877 1857 in
903 1818 1202 1868 inscriptionibus
1228 1820 1397 1857 exstante
1416 1817 1588 1867 Bardiya,

211 1891 323 1933 quam
351 1878 565 1921 Herodotea
589 1877 709 1920 forma
734 1877 893 1932 Σμέρδις.
947 1881 1056 1930 Nam,
1083 1885 1126 1921 ut
1151 1881 1461 1929 terminationem,
1491 1891 1586 1930 quae

210 1946 357 1986 levioris
385 1949 443 1984 est
467 1946 666 1992 momenti,
706 1946 940 1993 omittamus,
982 1947 1096 1995 stirps
1123 1946 1223 1984 Bard
1250 1946 1418 1995 proxime
1443 1945 1593 1984 transiit

210 2009 247 2048 in
274 2008 379 2058 Μαρδ
395 2006 473 2056 ¹⁵⁷).
527 2007 623 2046 Huic
659 2007 807 2046 demum
843 2019 864 2046 e
890 2007 1120 2048 Graecorum
1154 2008 1278 2047 studio
1312 2008 1423 2047 latius
1449 2007 1591 2057 patenti

212 2073 338 2114 obdita
366 2074 592 2112 consonante
628 2085 648 2110 σ
684 2071 747 2121 (cf.
775 2069 938 2123 σμικρός,
972 2073 1109 2123 σμῑλαΕ,
1136 2070 1318 2124 σμογερός,
1345 2070 1477 2122 σμύρνα
1503 2074 1591 2122 etc.)

213 2139 252 2176 et
276 2136 394 2175 vocali
421 2148 444 2172 α
468 2135 508 2173 in
542 2148 559 2172 ε
595 2137 795 2173 extenuata
828 2135 946 2173 evasit
979 2136 1092 2184 Σμερδ
1110 2134 1186 2184 ¹⁶⁸).
1241 2135 1438 2182 Videmus,
1480 2146 1591 2183 quam

319 2262 382 2338 ἒξ)
408 2265 460 2353 gf.
489 2265 704 2353 ΒίιΙιίοΙῐέΘΙΙ,
730 2266 817 2300 542.

320 2317 383 2418 ¹⁵⁶3
409 2327 493 2408 Ηὲἷῖ
521 2343 585 2416 111}
615 2345 682 2417 61}
709 2372 883 2417 inscriptio
913 2370 1100 2407 sehistana
1127 2370 1154 2415 1,
1187 2373 1244 2407 11.

320 2420 382 2468 ¹⁶⁷)
409 2424 461 2460 cf.
491 2424 737 2468 Bagabukhsa‚
762 2423 895 2458 Graece
921 2422 1129 2470 Μεγάβυζος
1160 2422 1327 2470 (Spiegel.
1364 2422 1421 2460 bie
1462 2422 1592 2470 almer:

213 2473 333 2525 ῐίῖῷεη
359 2472 639 2523 stettinfdytitten
667 2475 759 2522 Lips.
794 2477 888 2511 1862
917 2487 952 2522 p.
987 2474 1087 2524 144).

320 2526 383 2577 ¹⁶⁸)
410 2529 488 2565 Hoc
515 2539 580 2575 ego
608 2530 802 2574 observavi,
828 2529 888 2565 ubi
914 2531 1060 2575 primum
1087 2529 1155 2575 legi
1190 2529 1411 2565 Schoellium.
1467 2527 1592 2564 Postea

213 2593 233 2618 e
259 2582 432 2628 Spiegelio
459 2581 499 2630 (l.
526 2580 566 2630 l.)
593 2581 683 2617 idem
709 2583 780 2617 iam
806 2582 978 2627 prolatum
1005 2592 1082 2618 esse
1108 2583 1178 2618 vidi
1203 2583 1250 2617 ab
1279 2581 1457 2628 Oppertio.
