1844 2859
963 45 1013 82 38

293 170 484 210 Sidoniam
510 180 643 209 navem
670 169 893 217 incurrenti3
920 169 982 208 hic
994 169 1047 208 illi
1072 170 1253 209 acclamat
1270 170 1345 209 iam
1370 181 1413 210 se
1439 173 1672 211 ostenturmn

293 244 375 273 esse
402 232 669 283 Aeginetarum
704 232 944 282 medismum,
981 232 1154 283 capitque
1192 232 1380 273 Sidoniam
1414 244 1548 274 navem
1586 244 1671 274 cum

293 297 393 337 omni
428 296 615 346 praesidio
633 294 712 345 ¹⁰⁰).
764 295 845 334 Iam
882 295 1128 336 Athenienses
1167 307 1243 336 una
1281 302 1364 336 cum
1405 297 1595 346 Aeginetis
1632 298 1671 336 in

291 360 483 400 sinistrum
522 358 695 399 Persicae
739 358 867 399 classis
911 370 1046 408 cornu,
1088 359 1188 410 quod
1226 359 1348 400 locum
1388 362 1510 408 tenet,
1549 362 1673 401 rostra

291 425 524 464 convertunt.
595 422 705 462 Iones
751 422 1075 462 vehementissime
1117 427 1339 473 repugnant.
1411 423 1669 463 Samothracia

291 487 396 526 navis
424 486 690 525 Atheniensem
718 485 893 535 deprimit
928 496 1086 535 cumque
1119 486 1202 526 ilico
1229 490 1269 526 et
1293 487 1375 537 ipsa
1401 486 1671 536 deprimeretur

291 549 377 588 navi
412 549 650 599 Aeginetica,
685 547 958 588 Samothraces
981 548 1185 588 iaculorum
1221 550 1353 589 ictibus
1380 550 1582 599 Aeginetas
1609 561 1671 588 ex-

292 612 437 652 cutiunt
463 622 667 662 eorumque
678 611 765 651 navi
789 611 985 662 potiuntur
1001 610 1078 663 ²⁰¹).
1133 612 1351 663 Ariabignes
1378 613 1453 653 dux
1482 613 1670 653 triremem

291 675 550 716 Tbemistoclis
576 676 705 716 iaculis
731 678 860 724 vexat3
889 675 1023 716 deinde
1053 676 1090 715 in
1119 676 1289 716 Aminiae
1314 677 1505 717 triremem
1531 676 1670 716 ferreas

290 750 423 778 manus
458 739 593 787 iniicit,
629 739 695 778 sed
733 749 816 778 eam
843 738 1093 781 conscendens
1120 739 1288 779 Aminiae
1314 742 1353 779 et
1379 739 1527 780 Sosiclis
1552 740 1671 779 hastis

289 800 511 842 interficitur
527 800 605 852 ¹⁰²).
680 801 762 849 Quo
809 801 1004 842 interfecto
1025 795 1027 797 ’
1051 813 1180 843 omnes
1230 802 1340 853 fugae
1387 815 1429 843 se
1476 802 1668 843 mandant.

290 866 509 913 Artemisia,
538 865 921 904 Halicarnassensium
960 866 1111 915 regina,
1139 866 1323 905 Aminiam
1358 866 1503 916 fugiens
1533 860 1671 905 Dama-

289 928 460 980 sithymi,
488 927 775 980 Calyndensium
810 928 929 979 regis,
958 940 1090 970 navem
1123 930 1315 980 demergit.
1368 930 1479 971 Unde
1505 930 1670 970 Aminias

289 997 355 1032 aut
398 993 537 1032 sociam
576 996 642 1031 aut
687 992 917 1041 transfugam
957 1003 1040 1031 eam
1086 993 1223 1032 ducens
1263 994 1472 1032 insidiando
1513 994 1668 1033 desistit.

289 1056 433 1096 Xerxes
483 1057 609 1095 autem
660 1066 880 1096 concursum
932 1055 1035 1095 illum
1083 1055 1212 1097 videns
1265 1057 1486 1097 Artemisiae
1538 1068 1669 1098 navem

290 1121 501 1171 cognoscit,
539 1120 812 1170 Damasithymi
847 1132 980 1159 navem
1014 1120 1186 1160 hostilem
1222 1132 1303 1160 esse
1330 1117 1521 1170 ‘opinatum
1550 1132 1670 1170 neque

288 1194 455 1235 unquam
489 1193 618 1223 verum
659 1183 840 1234 comperit
866 1181 943 1235 ¹⁰³).
973 1204 1021 1212 -
1049 1183 1273 1235 Aeschylus,
1310 1184 1373 1235 qui
1413 1184 1460 1225 ob
1485 1184 1669 1225 rationem

288 1248 507 1298 popularem
542 1258 590 1286 ne
626 1258 740 1296 supra
775 1247 941 1296 quidem,
970 1247 1032 1286 ubi
1058 1251 1188 1296 gentes
1224 1259 1308 1286 cum
1334 1248 1458 1287 Xerxe
1484 1247 1668 1297 profectas

289 1310 609 1358 commemoravit,
649 1309 781 1349 Ionum
822 1310 1048 1349 mentionem
1087 1309 1210 1350 facere
1248 1310 1384 1359 voluit,
1426 1311 1583 1350 eandem
1622 1310 1669 1350 ob

287 1375 470 1416 rationem
496 1374 557 1414 hic
581 1374 641 1414 vel
667 1373 880 1425 diligentius
912 1374 1043 1413 vitavit
1069 1374 1175 1422 acris,
1203 1385 1316 1424 quam
1342 1386 1426 1414 cum
1451 1375 1523 1414 illis
1538 1375 1670 1414 Graeci

287 1441 515 1489 pugnarunt,
541 1448 690 1488 pugnae
716 1437 955 1477 mentionem.

391 1502 467 1543 Res
505 1501 669 1552 singulas
709 1500 877 1552 proferre
916 1501 1141 1552 Aeschylum
1181 1502 1332 1542 vetabat
1369 1502 1516 1552 poetica
1552 1503 1668 1542 ratio:

288 1578 409 1617 neque
458 1567 555 1606 enim
605 1566 735 1605 nuntio
783 1565 1021 1605 adumbranti
1069 1566 1259 1615 ingentem
1306 1566 1500 1605 universae
1542 1565 1670 1606 classis

288 1630 538 1671 calamitatem
571 1630 610 1669 in
645 1632 809 1670 mentem
844 1631 993 1680 poterat
1019 1629 1164 1678 venire,
1186 1631 1236 1669 ut
1261 1629 1491 1679 singularum
1520 1630 1670 1669 navium

288 1707 396 1735 casus
435 1697 617 1733 narraret.
672 1693 834 1732 Maxime
872 1704 961 1732 vero
1003 1692 1210 1732 omittenda
1245 1695 1370 1740 erant,
1413 1703 1509 1741 quae
1547 1692 1670 1732 Persis

289 1760 398 1798 erant
437 1757 556 1806 laeta,
597 1756 700 1796 velut
725 1755 1010 1796 Samothracum
1048 1754 1225 1795 facinora.
1278 1754 1444 1795 Primum
1471 1755 1569 1795 enim
1595 1766 1670 1795 non

290 1821 526 1871 quadrabant
551 1821 590 1859 in
603 1820 855 1859 narrationem
869 1819 1048 1866 flebilem;
1076 1819 1210 1858 deinde
1236 1819 1360 1858 tristia
1386 1821 1493 1857 erant
1506 1819 1669 1858 Graecis.

391 1884 511 1923 Poeta
555 1883 837 1923 insectationem
885 1881 1081 1932 magnifice
1127 1881 1291 1921 illustrat
1338 1882 1389 1932 (v.
1431 1882 1669 1933 419—423).

289 1948 476 1987 Barbaros
513 1950 706 1997 comparat
743 1957 827 1986 cum
862 1946 1024 1996 piscibus
1064 1946 1237 1995 indagine
1278 1946 1408 1995 captis.
1475 1945 1670 1984 Obversati

288 2014 377 2052 sunt
402 2013 490 2050 ante
517 2010 642 2050 oculos
669 2010 748 2050 eius
774 2010 946 2059 maxime,
969 2010 1111 2060 opinor,
1139 2011 1317 2059 urgentes
1343 2009 1390 2049 ab
1417 2008 1536 2048 altera
1561 2010 1670 2058 parte

288 2075 556 2123 Athenienses,
596 2074 643 2114 ab
670 2074 790 2114 altera
817 2074 1039 2124 Aeginetae,
1068 2074 1132 2124 qui
1157 2074 1336 2114 barbaros
1361 2072 1489 2113 fractis
1515 2074 1669 2114 navibus

288 2140 347 2179 vel
386 2139 424 2178 in
464 2138 600 2178 tabulis
642 2140 815 2178 natantes
855 2138 914 2178 vel
962 2138 1052 2188 ipsis
1091 2138 1129 2176 in
1178 2137 1308 2186 undis,
1348 2139 1546 2188 postquam
1594 2137 1670 2177 tela
1688 2184 1701 2193 ς

289 2206 619 2254 consumpserunt,
685 2214 872 2243 remorum
933 2202 1150 2253 fragmentis
1203 2202 1450 2242 trucidabant.
1536 2201 1670 2241 Graeci

396 2361 459 2438 122)
485 2364 571 2428 μετ.
598 2363 699 2409 vm,
727 2364 787 2401 92.

396 2417 463 2519 ¹⁰²}
484 2416 581 2507 ¹33ss
608 2418 733 2506 ξ’ῗιὲω.
765 2470 811 2506 14
838 2467 897 2518 (ef.
924 2480 959 2516 p.
988 2470 1036 2508 35
1066 2472 1152 2506 extr.
1179 2466 1266 2518 sq.);
1296 2468 1380 2506 Her.
1409 2468 1507 2515 vm,
1535 2460 1596 2506 89'.

397 2521 462 2575 ¹⁰³)
489 2524 574 2564 Her,
602 2524 702 2572 VIII,
730 2525 777 2562 87
805 2534 873 2574 sq„
900 2524 961 2564 93.
