1844 2859
872 69 922 106 46

201 189 423 240 copioseque
449 189 635 230 describit.
690 190 773 238 Qua
794 190 833 230 in
851 190 1099 242 descriptione
1123 190 1243 231 multa
1267 201 1416 232 rursum
1442 191 1582 233 inveni·

200 264 283 293 mus
309 254 418 293 nimis
452 257 564 293 aucta
598 264 719 304 neque
754 254 883 304 inepta
918 254 1066 294 videtur
1092 254 1222 295 Veteri
1259 255 1489 305 coniectura,
1517 259 1581 307 qui

203 318 491 367 „quamquam“,
505 317 637 367 inquit,
654 330 712 367 „v.
731 320 807 357 819
822 317 1079 359 Plataeensem
1093 330 1256 369 pugnam
1279 320 1428 359 vatici
1439 331 1462 359 n
1472 323 1582 361 atur

199 380 348 428 Darius,
375 383 501 420 tamen
528 392 604 433 non
630 381 770 430 dubito,
799 382 908 432 quin,
939 393 1035 434 quae
1061 395 1096 422 v.
1124 386 1200 423 477
1228 395 1310 434 sqq.
1338 383 1386 423 de
1412 383 1517 424 clade
1542 387 1581 423 et

198 444 287 493 fuga
314 445 498 483 exercitus
533 444 717 494 pedestris
743 448 965 494 narrantur,
1003 457 1049 485 ex
1075 446 1231 486 historia
1260 458 1408 497 pugnae
1433 446 1580 486 Platae-

199 507 297 545 ensis
339 510 597 557 transsumpta
629 507 741 547 sint*
766 508 820 558 (p.
861 509 938 548 242
974 518 1012 548 n.
1053 509 1132 560 97).
1187 509 1392 561 Aeschylus
1432 521 1578 550 omnem

198 570 441 610 barbarorum
467 571 629 610 reditum
663 575 856 621 tamquam
889 571 1016 620 fugam
1042 573 1229 621 proponit.
1282 573 1355 612 Sed
1382 576 1482 612 certe
1506 574 1580 612 iter

198 643 222 671 a
246 636 328 672 toto
355 634 519 672 exercitu
545 644 591 672 ex
616 634 742 673 Attica
767 634 805 673 in
830 632 1061 674 Thessaliam
1088 633 1228 674 factum
1255 634 1356 674 haud
1381 635 1436 675 ita
1461 635 1579 676 simile

198 699 281 736 erat
305 696 430 753 fugam
470 697 653 738 exercitus
694 698 792 738 enim
829 698 973 749 aliquot
1009 702 1097 748 post
1134 710 1298 749 pugnam
1339 699 1578 741 Salaminiam

197 761 277 800 dies
301 761 340 799 in
370 761 494 800 Attica
518 765 768 801 commoratus
794 762 897 801 nullo
917 762 1081 801 instante
1106 762 1214 802 hoste
1239 762 1433 802 itineribus
1458 763 1577 802 solitis

197 834 279 864 sese
313 824 455 874 recepit
471 823 549 874 Μ).-
603 824 661 864 De
698 824 928 874 calamitate,
970 836 1081 875 quam
1117 825 1300 876 Aeschylo
1336 828 1513 865 narrante
1538 826 1577 866 in

196 887 353 927 Boeotia
377 888 459 927 sitis
483 888 651 928 barbaris
689 888 816 927 intulit
855 889 906 938 (v,
953 893 1002 928 47
1008 889 1200 937 7-479),
1237 888 1451 928 Herodotus
1485 889 1576 928 nihil

196 950 350 1000 profert.
404 951 512 998 Quod
539 950 673 990 deinde
685 954 798 1001 poeta
825 951 915 991 dicit
940 952 1118 991 barbaros
1137 951 1374 991 anhelatione
1395 962 1441 1001 ex
1466 963 1576 992 cursu

196 1016 389 1054 contracto
416 1014 617 1054 exhaustos
641 1015 681 1054 in
707 1015 919 1063 Phocidem,
943 1015 1133 1064 Doridem,
1161 1014 1338 1054 Malidem
1363 1015 1576 1065 pervenisse

197 1078 248 1128 (v.
276 1078 516 1128 479-482),
543 1079 738 1118 veritatem
764 1082 866 1118 certe
902 1079 1112 1128 egreditur3
1140 1090 1261 1128 neque
1296 1079 1406 1127 enim,
1433 1082 1477 1117 ut
1500 1078 1575 1118 iam

196 1141 367 1189 diximus,
395 1142 532 1191 raptim
559 1153 693 1191 agmen
719 1145 846 1181 actum
873 1145 949 1190 est3
977 1142 1067 1181 illud
1094 1142 1175 1182 sine
1196 1142 1307 1182 dubio
1333 1143 1373 1181 in
1400 1142 1575 1181 Artabazi

194 1204 283 1254 fuga
307 1207 395 1255 post
421 1204 670 1245 calamitatem
696 1204 955 1245 Plataeensem
991 1204 1091 1245 facta
1107 1203 1172 1255 ¹²⁵)
1198 1208 1312 1256 atque
1339 1216 1362 1244 a
1387 1207 1501 1256 poeta
1525 1204 1574 1244 ad

195 1268 329 1308 Xerxis
368 1267 529 1308 reditum
567 1269 791 1309 translatum
830 1273 899 1309 est.
952 1268 1057 1309 Idem
1096 1269 1291 1309 dicendum
1332 1260 1391 1310 est
1430 1269 1477 1309 de
1516 1279 1572 1317 eo,

196 1332 295 1381 quod
322 1332 480 1371 subinde
505 1335 619 1382 poeta
635 1335 765 1371 narrat
791 1333 842 1383 (v.
872 1332 1111 1382 483—486).
1165 1332 1297 1382 Neque
1323 1332 1420 1372 enim
1442 1331 1577 1372 Xerxis

195 1396 410 1444 exercitum,
438 1396 501 1436 ubi
527 1396 566 1435 in
592 1395 824 1436 Tbessaliam
846 1397 1027 1447 pervenit,
1055 1396 1233 1436 alimenta
1260 1395 1418 1436 deficere
1445 1406 1577 1446 coepe-

194 1462 283 1498 runt
309 1459 415 1507 adeo,
443 1462 486 1498 ut
511 1459 679 1509 plerique
704 1459 805 1498 fama
832 1463 870 1499 et
895 1460 957 1498 siti
983 1459 1168 1509 perirent;
1196 1459 1295 1508 quod
1314 1459 1577 1509 comprobatur

194 1526 274 1562 tum
313 1522 496 1563 Herodoti
533 1523 701 1571 silentio,
742 1527 822 1563 tum
849 1534 916 1571 eo,
955 1509 1055 1572 qu'od
1089 1525 1191 1562 totus
1227 1522 1410 1562 exercitus
1437 1522 1575 1562 diutius

192 1586 244 1624 ibi
282 1589 449 1625 moratus
491 1589 567 1633 est,
610 1586 698 1625 dum
727 1586 945 1625 Mardonius
986 1586 1169 1624 delectum
1208 1585 1343 1632 habet,
1379 1585 1461 1634 ipso
1486 1595 1575 1633 rege

192 1648 284 1688 satis
308 1648 447 1688 bonum
474 1648 638 1688 animum
663 1648 835 1697 habente,
863 1652 906 1687 ut
932 1648 1049 1688 videri
1074 1648 1163 1688 licet
1184 1659 1229 1687 ex
1254 1658 1447 1698 responso,
1474 1647 1575 1697 quod

193 1712 296 1752 dedit
322 1712 560 1752 caduceatori
584 1712 879 1752 Lacedaemonio
910 1711 996 1761 ¹²⁶);
1024 1711 1186 1759 accedit,
1228 1712 1328 1761 quod
1354 1710 1572 1750 Mardonius

191 1776 230 1815 in
265 1775 459 1817 Thessalia
493 1786 650 1826 magnas
686 1776 811 1827 copias
846 1778 965 1816 totam
1005 1787 1073 1827 per
1110 1775 1270 1816 hiemem
1306 1775 1398 1816 aluit
1415 1772 1493 1825 ¹⁹⁷).
1520 1795 1572 1803 --

298 1967 361 2016 ¹²⁴)
387 1970 472 2007 Her.
500 1969 599 2014 VIII,
631 1971 714 2005 113.

298 2019 360 2069 ¹²⁶)
400 2022 459 2066 id.,
485 2022 552 2066 IX,
595 2023 642 2057 66
683 2025 788 2057 extr.:
818 2013 1074 2081 (Ἀρτάβαζος)
1108 2016 1171 2067 τὴν
1207 2016 1371 2068 ταχίστην
1398 2014 1570 2067 ἐτρόχαζε

191 2070 328 2139 φεύγων
356 2104 364 2112 .
393 2104 401 2112 .
431 2071 505 2117 ,ἐς
532 2069 696 2121 Φωκέας,
724 2069 858 2111 ἐθέλων
886 2069 936 2116 ὡς
963 2068 1111 2122 τάχιστα
1147 2067 1204 2110 ἐπὶ
1228 2069 1287 2109 τὸν
1310 2066 1569 2120 Ἑλλήσποντον

190 2125 388 2166 απικέσθαι.

224 2215 227 2218 ,
296 2178 359 2229 ¹²⁶)
386 2181 470 2217 Her.
498 2179 597 2224 VIII,
628 2181 712 2216 114.

297 2232 359 2283 ¹²⁷)
386 2235 472 2279 260,
475 2234 550 2270 000
579 2234 802 2270 barbarorum
838 2234 871 2268 in
899 2232 1079 2269 Thessalia
1113 2232 1282 2268 hiemasse
1318 2242 1440 2277 parum
1467 2235 1568 2267 caute

189 2290 271 2326 dicit
304 2288 511 2324 Dunckerus
546 2287 632 2334 (IV,
674 2287 746 2321 807
785 2297 818 2322 n.
860 2284 905 2332 1).
943 2285 1130 2332 Delegerat
1165 2284 1365 2320 Mardonius
1403 2284 1489 2328 300,
1491 2284 1566 2319 000

188 2341 290 2391 (Her.
318 2339 425 2386 VIII,
458 2340 548 2386 113;
585 2338 627 2375 cs.
673 2339 745 2375 100
774 2336 892 2386 extr.;)
921 2348 1068 2384 quorum
1097 2348 1181 2374 cum
1205 2337 1264 2382 60,
1266 2337 1342 2373 000
1370 2336 1566 2373 Artabazus

187 2397 342 2432 Xerxem
380 2404 489 2439 usque
517 2393 562 2428 ad
588 2392 852 2438 Hellespontum
880 2391 1022 2426 deduxit
1047 2391 1092 2437 (c.
1125 2389 1222 2437 126),
1250 2392 1307 2435 ita,
1334 2395 1372 2426 ut
1399 2390 1487 2433 240,
1489 2390 1565 2424 000

187 2452 417 2493 remanerent3
442 2457 461 2482 e
488 2446 614 2491 quibus
627 2446 750 2491 partim
778 2445 811 2479 in
826 2443 1033 2480 Macedonia
1058 2443 1253 2479 hiemarunt
1279 2441 1402 2492 (ibid.)
1458 2442 1565 2478 Arta-

188 2503 276 2539 bazo
303 2511 346 2538 ex
371 2499 582 2536 detrimentis
609 2499 641 2543 in
668 2499 786 2534 itinere
814 2496 857 2546 (c.
891 2496 977 2545 115)
1004 2501 1109 2544 atque
1136 2496 1180 2533 ad
1200 2495 1390 2543 Olynthum
1419 2500 1453 2531 et
1467 2495 1565 2531 Potr

187 2556 310 2592 daeam
337 2554 381 2602 (e.
415 2555 484 2589 127
521 2556 556 2588 et
593 2551 814 2598 129)>factis
840 2551 971 2596 reliqua
999 2555 1096 2586 erant
1122 2550 1261 2595 40‚000
1288 2549 1369 2598 (lx,
1398 2550 1459 2593 66,
1488 2548 1563 2597 70).
