1844 2859
792 103 841 142 39

133 234 282 277 caedem
308 230 526 275 continuant
546 228 648 270 :inter
672 227 912 267 barbarorum
937 226 1107 274 eiulatus,
1127 227 1290 275 ipsorum
1318 228 1494 267 damorae

132 292 445 342 laetissimam),
458 289 596 340 ,quoad
621 289 788 340 appetiit
800 300 890 330 nox.

236 358 343 407 Quod
358 354 503 396 deinde
529 352 618 392 dicit
641 352 793 397 nuntius
815 363 894 393 'nou
919 363 1029 402 posse
1055 352 1195 391 dierum
1222 351 1351 392 decem
1375 354 1495 402 spatio

133 423 232 471 mm
255 419 388 462 omnia,
403 415 557 462 mrari
573 425 695 465 neque
718 425 880 465 unquam
915 425 989 454 uno
1015 414 1074 453 die
1100 416 1157 454 tot
1181 413 1371 454 hominum
1396 415 1496 454 milia

135 485 309 532 &ddisse
333 483 384 531 (v.
412 478 649 527 424—427)‚
675 478 944 527 superlationes
969 481 1057 517 sunt
1069 478 1169 518 haud
1190 489 1280 517 sane
1293 478 1494 526 mirandae.

135 549 207 592 Sed
232 550 357 588 tamen
381 542 512 590 ingens
545 544 628 580 erat
652 540 849 581 Persarum
876 541 1010 580 clades.
1063 541 1360 590 Deperdiderunt
1384 552 1503 593 naves·

135 612 219 662 plus
262 607 441 650 ducentas
483 607 638 653 praeter
683 614 760 644 una
801 614 885 643 cum
924 603 1012 643 viris
1033 606 1180 653 captas
1196 602 1273 653 ¹⁰⁵).
1338 603 1504 642 Navium-

136 675 391 722 depressarum
416 666 603 717 praesidia
614 666 776 706 maxima
800 677 845 706 ex
870 668 978 717 parte
992 665 1193 717 perierunt,
1222 677 1305 706 cum
1330 665 1498 716 plerique

134 733 279 776 barbari
305 730 418 771 nandi
444 733 569 771 essent
601 731 764 781 imperiti
779 729 867 781 ὀὓς
894 730 1074 780 dueentae
1100 732 1224 770 autem
1249 741 1362 770 naves
1388 729 1498 769 vehe-

134 799 223 838 bant
261 794 506 845 quadraginta
539 804 605 834 sex
638 793 740 833 milia
778 793 995 842 hominum,
1023 792 1204 842 siquidem
1243 792 1422 832 ducentos
1461 796 1500 831 et

134 859 286 909 triginta
309 856 467 897 vehebat
492 868 567 897 una
592 855 853 907 qmeque'0'1).
907 856 1040 898 Graeci
1076 854 1321 906 quadraginta
1352 858 1499 895 tantum

135 933 245 962 naves
284 920 506 967 amiserunt,
548 931 704 969 cumque
744 920 864 969 perite
903 921 1056 969 possent
1092 921 1243 966 natare,
1285 919 1348 968 qui
1386 929 1498 958 naves

135 985 334 1026 amiserant
357 984 429 1034 ipsi
454 983 675 1034 incolumes,
710 983 758 1024 ad
785 983 1023 1032 Salaminium
1049 981 1153 1023 lituis
1180 984 1379 1023 enatarunt
1394 979 1471 1033 ¹⁰⁶).

330 1235 393 1286 ix.
457 1235 513 1286 ne
544 1247 591 1286 re
623 1233 907 1298 Psytuieonsi
940 1237 999 1299 (v.
1033 1234 1314 1298 leo—459).
1354 1205 1356 1207 ’

234 1363 308 1402 Res
355 1363 392 1401 in
441 1362 563 1402 insula·
597 1362 786 1412 Psyttalea
834 1365 940 1412 gesta
990 1363 1090 1412 apud
1129 1362 1350 1413 Aeschylum
1393 1363 1501 1403 valde

131 1427 322 1477 premitur.
384 1426 549 1465 Primum
584 1426 682 1465 enim
717 1426 886 1475 nuntius,
926 1426 1142 1476 priusquam
1179 1427 1298 1477 ipsam
1338 1427 1499 1477 exponit,

131 1490 349 1539 gravissima
360 1490 566 1539 praemittit
588 1490 710 1530 verba.
765 1488 937 1529 Affirmat
950 1490 1047 1529 enim
1073 1501 1121 1529 ne
1134 1490 1324 1530 dimidium
1350 1490 1500 1540 quidem

131 1554 312 1594 malorum
347 1565 388 1594 se
427 1564 599 1593 narrasse
637 1564 681 1593 ac
707 1556 868 1603 restare,
905 1564 999 1605 quae
1037 1554 1096 1594 vel
1130 1554 1247 1595 altero
1286 1556 1391 1594 tanto
1425 1554 1500 1594 sint

131 1618 283 1657 maiora.
337 1617 480 1656 Deinde
496 1628 575 1656 rem
602 1618 733 1667 ipsam,
761 1629 856 1667 quae
879 1618 926 1657 ab
942 1617 1132 1657 Herodoto
1156 1617 1275 1668 (VIII,
1305 1622 1352 1658 76
1367 1621 1406 1657 et
1432 1618 1499 1667 95)

132 1684 170 1721 et
191 1681 407 1726 ‚Plutarcho
447 1681 615 1731 (Aristid.
657 1681 697 1730 9)
742 1682 870 1732 paucis
915 1681 1156 1722 adumbratur
1198 1681 1449 1730 lineamentis,
1477 1693 1500 1721 a

131 1744 295 1784 Diodoro
322 1747 361 1783 et
386 1744 586 1784 Plutarcho
613 1746 807 1794 omittitur,
834 1749 1006 1785 accurate
1031 1745 1217 1785 describit.

234 1807 466 1857 Priusquam,
495 1818 561 1846 cur
585 1807 639 1846 ita
663 1807 762 1858 apud
783 1808 1002 1858 Aeschylum
1029 1819 1089 1847 res
1115 1810 1316 1858 prematur,
1344 1808 1500 1858 explice-

131 1882 233 1919 mus,
281 1872 400 1920 ipsam
449 1871 699 1910 narrationem
748 1872 799 1921 (v.
840 1871 1063 1920 442—459)
1112 1883 1194 1912 cum
1242 1871 1500 1911 historicorum

131 1933 404 1973 narrationibus
418 1943 691 1983 componamus.
732 1934 893 1974 Nuntius
913 1934 1027 1983 igitur
1046 1934 1156 1984 plane
1177 1933 1279 1984 epice
1292 1934 1499 1989 exorditur:

132 1999 190 2045 est
213 1996 333 2036 insula
352 1996 535 2046 quaedam
556 2009 624 2047 pro
637 1996 823 2037 Salamine
834 1998 918 2046 sita,
945 2009 1071 2047 parva,
1098 1998 1309 2048 importuna
1334 1998 1499 2046 navibus,

131 2058 223 2099 Pani
249 2070 356 2099 sacra
382 2060 433 2109 (v.
462 2060 698 2110 442—444).
752 2060 896 2101 Nomen
923 2072 998 2101 non
1023 2060 1150 2109 affert;
1178 2064 1259 2100 erat
1284 2064 1422 2109 autem,
1459 2065 1502 2100 ut

131 2123 230 2174 apud
251 2134 375 2163 rerum
388 2124 588 2174 scriptores
601 2124 768 2174 legimus,
791 2124 979 2175 Psyttalea
995 2124 1071 2176 ¹⁰⁸).
1112 2125 1205 2164 Eam
1218 2125 1331 2175 igitur
1342 2125 1499 2165 insulam

239 2261 300 2311 ¹⁰⁴)
328 2264 418 2300 Vide
444 2269 562 2301 notam
587 2265 708 2302 XVII.

239 2314 300 2363 ¹⁰⁵)
328 2317 431 2353 Diod.
457 2317 524 2362 Xl,
556 2319 613 2354 19.

239 2365 300 2417 ¹⁰⁸)
327 2369 411 2406 Her.
426 2369 524 2415 VIII,
552 2371 612 2407 89.
654 2369 756 2416 Quod
770 2370 975 2407 Dunckerus
995 2368 1075 2418 (1V,
1103 2369 1191 2418 801)
1214 2370 1305 2416 dicit,
1330 2372 1501 2407 neminem

132 2423 283 2461 omnium
324 2423 548 2459 barbarorum
588 2434 669 2459 nare
708 2425 879 2470 potuisse,
919 2428 953 2460 et
991 2435 1052 2470 per
1091 2435 1129 2460 se
1164 2426 1234 2461 veri
1260 2429 1314 2461 est
1339 2424 1501 2462 dissimile

132 2476 397 2576 nequemlgcflab
421 2476 748 2565 Ηᾷἱῗᾶῖῑῶᾱίοἰωι·
774 2481 808 2512 et
834 2475 917 2516 alibi
942 2475 1054 2524 (VIII,
1088 2475 1175 2525 129)
1201 2482 1319 2523 aperte
1345 2483 1499 2524 negatur.

364 2539 412 2567 er.
511 2556 519 2575 ‚
625 2557 634 2566 .

239 2578 300 2629 ¹⁰⁸)
328 2582 565 2623 Animadverti
592 2582 696 2624 velim
732 2584 986 2634 circuitionem,
1023 2593 1093 2634 qua
1119 2583 1313 2635 Populea,
1351 2586 1501 2636 itemque
