1844 2859
818 116 880 161 '⁵5

165 251 306 299 reliqua
330 247 455 292 sabina
480 243 581 283 omni
607 242 866 291 exeellentem‚
895 252 1010 292 quam
1035 241 1281 282 Athenienses
1314 244 1413 292 apud
1440 243 1545 285 Sala·

165 313 302 357 minem
336 310 405 351 sibi
423 307 678 358 pepererunt,
703 304 858 355 gloriam
897 303 1113 344 celebraret.
1168 303 1343 345 Ceterum
1369 305 1544 347 Doricam

165 365 310 417 hastam
346 368 629 416 commemorari
664 371 707 409 ut
741 368 892 414 minime
930 368 1082 409 vetabat
1121 368 1217 414 ratio
1254 368 1457 418 popularis,
1491 369 1546 409 ita

165 450 281 490 prope
327 433 479 476 iubebat
523 430 680 480 poetica.
747 430 918 480 Namque
962 431 1064 480 ipsos
1120 430 1255 472 Persas
1308 431 1546 472 confecerunt

165 502 323 547 maxime
361 494 642 542 Lacedaemonii
681 497 764 533 toto
801 493 942 543 proelio
985 494 1031 539 iis
1072 494 1252 544 oppositi;
1297 494 1544 534 Athenienses

165 564 362 615 plurimum
397 557 577 606 temporis
612 556 833 596 dimicarunt
868 568 952 596 cum
986 556 1150 595 Boeotiis
1186 557 1386 598 Persarum
1421 558 1542 597 sociis.

166 626 278 676 Atqui
324 623 397 662 hoc
445 619 616 670 Aeschyli
652 619 735 661 loco
776 619 893 661 Persa
943 619 1112 670 queritur
1151 620 1197 659 de
1237 620 1368 660 deletis
1407 619 1543 660 Persis.

165 688 261 736 Quid
287 683 563 733 ergoaNonne
579 726 581 728 ,
600 686 746 723 tantum
782 695 855 723 non
892 694 1044 723 necesse
1082 686 1140 722 est
1174 683 1287 723 istum
1322 684 1360 723 in
1390 695 1542 733 gravem

163 753 350 790 incurrere
364 747 580 786 memoriam
594 757 735 795 eorum,
752 747 813 796 qui
827 747 986 786 maxime
1000 746 1379 787 Persasdeleverint?
1398 745 1475 797 ¹4⁵).
1490 769 1541 775 —

162 813 302 851 Hastae
329 810 505 857 Doricae,
542 812 739 859 postquam
779 813 887 849 scuta
920 810 1079 848 barbara
1117 809 1394 858 perfregerunt,
1421 810 1541 859 primo

161 886 293 925 parum
324 872 561 922 profecerunt
594 872 735 922 passim
771 883 795 911 a
830 872 997 912 barbaris
1031 875 1205 922 arreptae
1239 871 1463 927 fractaeque,
1500 875 1542 911 ut

161 940 289 976 narrat
314 935 528 975 Herodotus
556 935 638 984 (IX,
668 937 734 983 62)
762 938 802 974 et
839 934 1061 974 Plutarchus
1088 936 1218 985 (Arist.
1251 936 1335 984 18);
1362 936 1540 975 maiorem

161 1004 291 1041 tamen
312 999 392 1039 sinc
419 998 529 1040 dubio
545 998 695 1038 caedem
722 998 855 1039 deinde
874 997 1105 1048 fugientium,
1132 1001 1322 1048 postremo
1344 998 1382 1039 in
1410 997 1541 1038 castris

161 1074 423 1113 oppressorum
471 1062 649 1102 fecerunt.
692 1084 743 1091 -—
784 1062 842 1101 Ex
883 1063 1025 1112 ingenti
1064 1073 1256 1102 caesorum
1296 1062 1539 1103 barbarorum

158 1137 312 1167 numero
352 1126 520 1166 concludi
573 1128 697 1175 potest
755 1125 916 1165 tumulos
963 1126 1014 1174 (v.
1056 1125 1149 1173 820)
1197 1124 1310 1165 fuisse
1356 1125 1538 1173 ingentes.

158 1189 371 1228 Herodotus
400 1188 560 1238 xquidem
610 1188 656 1227 de
699 1188 872 1227 trecentis
921 1188 1069 1227 milibus
1108 1187 1196 1235 (loc.
1235 1187 1328 1226 XIII
1366 1199 1403 1226 n.
1447 1188 1549 1236 127)-

156 1255 307 1301 praeter
342 1251 589 1300 quadraginta
628 1251 750 1298 milia,
787 1262 883 1300 quae
918 1262 1003 1290 cum
1030 1251 1215 1289 Artabazo
1241 1250 1463 1299 aufugerint,
1491 1262 1538 1289 ne

157 1315 231 1354 tria
256 1315 404 1364 quidem
419 1314 646 1364 superfuisse
659 1325 816 1354 narrans
842 1313 925 1363 (IX,
957 1314 1022 1363 70)
1049 1313 1149 1353 haud
1164 1313 1274 1355 dubie
1288 1313 1537 1354 calamitatem

158 1378 267 1418 nimis
294 1381 418 1427 auget.
473 1377 579 1425 Quod
607 1381 733 1417 tamen
757 1376 943 1417 Diodorus
969 1376 1085 1417 refert
1111 1376 1194 1428 (XI,
1224 1379 1271 1416 32
1300 1377 1425 1427 extu),
1452 1376 1535 1426 plus

159 1446 307 1481 centum
334 1442 434 1480 milia
462 1442 654 1490 cecidisse,
683 1438 774 1480 non'
791 1441 899 1480 nimis
925 1441 1120 1480 veritatem
1147 1441 1275 1490 egredi
1300 1441 1457 1480 videtur.
1484 1463 1536 1468 -

157 1504 343 1544 Mardonii
377 1505 540 1544 tumulus
580 1505 693 1543 etiam
733 1504 939 1543 Pausaniae
978 1507 1147 1553 tempore
1186 1504 1264 1543 sive
1299 1516 1364 1544 sex
1402 1505 1536 1544 seculis

157 1571 243 1618 post
269 1568 437 1608 exstabat
451 1568 580 1619 (Paus.
607 1567 673 1616 IX,
704 1571 741 1616 2,
770 1568 823 1617 2),
851 1567 949 1607 unde
965 1567 1131 1607 videmus
1145 1567 1330 1607 cumulate
1352 1568 1534 1616 evenisse,

157 1631 256 1680 quod
280 1643 349 1680 per
376 1632 530 1670 Darium
557 1635 669 1681 poeta
694 1631 879 1680 praedixit
904 1632 956 1680 (v.
986 1631 1223 1679 820—822).

261 1693 386 1734 Verba
412 1689 579 1746 μέμνησθ’
603 1689 766 1745 Ἀθηνῶν
795 1696 845 1744 (v.
883 1695 994 1745 826),
1042 1705 1125 1734 cum
1164 1694 1325 1744 primum
1365 1705 1411 1733 ea
1448 1694 1533 1744 legi,

156 1758 372 1803 memoriam
422 1758 512 1797 mihi
562 1758 769 1802 att-ulerunt
816 1758 915 1798 vocis
958 1758 1056 1797 illius
1096 1755 1261 1805 δέσποτα,
1300 1755 1425 1808 μέμνεο
1464 1761 1534 1796 τῶν

152 1815 352 1871 Ἀθηναίων
369 1820 446 1871 1⁴1²⁶).
500 1822 643 1861 Deinde
658 1833 741 1861 cum
760 1821 943 1861 Herodoti
965 1824 1087 1871 caput,
1116 1821 1177 1860 ubi
1203 1832 1274 1861 vox
1300 1832 1346 1861 ea.
1370 1821 1535 1870 reposita

155 1886 223 1932 est,
250 1887 370 1923 totum
396 1885 635 1934 perlegissem
649 1915 658 1932 ,
687 1885 787 1924 visus
814 1888 872 1924 est
897 1884 988 1923 mihi
1015 1885 1127 1924 etiam
1154 1885 1376 1924 antecedens
1404 1895 1533 1924 versus

153 1941 288 1986 τοιαῦθ’
325 1944 474 1997 ὁρῶντες
513 1948 623 1986 τῶνδε
658 1945 835 1998 τάπιτίμια
869 1947 970 1987 haud
1005 1947 1084 1987 sine
1120 1950 1219 1986 tecta
1252 1947 1414 1997 quadam
1447 1947 1485 1986 vi
1510 1959 1535 1986 a

154 2013 266 2059 poeta
293 2022 374 2050 esse
415 2011 535 2051 editus
571 2014 684 2062 atque
723 2015 891 2062 spectare
931 2011 978 2050 ad
1016 2011 1179 2061 priorem
1216 2011 1319 2050 Darii
1348 2022 1476 2051 vocem
1502 2007 1533 2049 ὦ

154 2074 233 2121 Ζεῦ,
260 2072 462 2124 ἐκγενέσθαι
486 2088 545 2125 μοι
565 2071 779 2125 Ἀθηναίους
806 2074 988 2113 τίσασθαιε
1017 2086 1099 2113 cum
1123 2075 1258 2114 Darius
1286 2078 1463 2124 optasset,
1491 2078 1534 2114 ut

261 2221 323 2273 145)
350 2225 533 2262 Praeterea
561 2224 731 2271 quaedam
750 2224 903 2260 Naekius
930 2228 1049 2261 contra
1070 2223 1273 2260 Blomfieldii
1301 2225 1532 2265 coniecturam

155 2277 294 2320 protulit
320 2288 441 2323 opusc.
469 2278 496 2322 Ι,
523 2288 556 2322 p.
590 2279 659 2312 197
688 2289 740 2322 sq.

262 2325 324 2375 ¹4⁶)
351 2330 625 2377 significationes
651 2331 685 2364 in
714 2329 869 2365 versibus
898 2331 973 2366 280
1000 2340 1076 2377 sqq.
1104 2330 1183 2378 (loc.
1216 2329 1262 2378 V)
1290 2338 1324 2367 et
1351 2332 1425 2367 468
1453 2342 1530 2381 sqq.

154 2380 233 2425 (loe.
261 2382 334 2429 XI)
373 2383 518 2418 latentes
558 2385 678 2418 iterum
720 2383 802 2417 mihi
828 2383 980 2418 fabulam
1006 2383 1133 2429 legenti
1160 2389 1265 2429 atque
1292 2384 1335 2419 ad
1364 2384 1450 2420 tales
1477 2395 1531 2421 res

154 2443 259 2482 quam
285 2437 433 2472 maxime
455 2441 585 2472 attento
609 2440 840 2473 occurrerunt.
887 2436 1075 2483 Aliquanto
1098 2441 1176 2483 post
1198 2438 1342 2483 cognitis
1364 2437 1533 2473 Siebelisii

155 2492 188 2520 et
216 2487 426 2523 Volekmarii
465 2489 639 2534 opusculis
666 2489 1001 2534 animadversionum
1028 2501 1181 2525 mearum
1208 2501 1361 2526 summas
1386 2502 1531 2536 praeoc-

154 2544 298 2585 cupatas
329 2542 464 2588 repperi
499 2551 566 2577 non
602 2543 675 2577 sine
709 2541 888 2578 stomacho
916 2542 1084 2589 quodam3
1126 2553 1337 2589 quamquam
1364 2553 1416 2587 ea,
1442 2554 1531 2590 quae

157 2592 390 2637 compluribus
404 2596 438 2629 in
453 2601 603 2631 mentem
615 2594 826 2640 incidissent,
850 2607 892 2632 eo
906 2598 1018 2642 magis
1029 2597 1166 2642 probari
1179 2596 1354 2642 praeclare
1366 2597 1529 2633 sciebam.
