1844 2859
820 82 867 119 35

158 216 226 255 cho
255 214 362 251 *teste
400 208 530 249 eadem
565 204 651 243 navi
685 207 812 244 vectus
839 207 1006 244 osteum
1032 204 1179 243 Aminia
1204 204 1351 254 (Them.
1381 205 1445 254 14)
1462 204 1524 254 ⁹⁰),

157 280 213 318 ita*
250 278 292 316 ut
329 272 549 316 scholiastae
588 268 627 307 in
666 279 811 308 summa
849 268 903 307 rei
942 278 1025 307 cum
1059 266 1250 308 Herodoto
1289 271 1329 307 et
1361 266 1525 308 Diodoro

157 339 399 382 consentiant.
461 335 516 373 Ac
554 342 644 371 sane
682 331 874 372 Herodoto
914 334 952 370 et
990 331 1154 371 Diodoro
1193 331 1418 371 credendum
1457 335 1526 371 est.

157 404 253 444 Nam
280 400 378 453 quod
405 397 455 438 ad
472 394 713 437 Plutarchum
739 394 884 443 attinet,
911 394 1174 445 unusquisque,
1202 395 1344 445 opinor,
1371 395 1528 434 libenter

158 467 308 507 accedet
332 459 549 507 Sintenisio‚
590 459 654 508 qui
687 458 896 508 suspicatus
923 461 981 498 est
1009 458 1213 508 „insignem
1239 470 1403 499 errorem
1429 469 1528 498 com-

157 530 299 570 misisse
309 522 561 571 Plutarchum,
588 532 684 572 quae
697 522 745 562 ad
759 521 998 562 Artemisium
1009 520 1109 561 facta
1120 524 1219 570 sunt,
1244 521 1527 561 transferentem

158 593 206 632 ad
243 598 405 640 pugnam
445 585 702 625 Salaminiam:
751 585 926 626 nimirum
964 586 1003 624 in
1041 585 1164 624 navali
1202 585 1250 624 ad
1290 585 1528 633 Artemisium

156 663 279 704 pugna
317 650 477 701 primum
517 648 763 700 Lycomedem
806 659 939 689 navem
977 649 1120 699 cepisse
1156 648 1327 688 hostilem
1368 647 1530 688 affirmat

155 715 366 756 Herodotus
390 712 491 762 VIII,
512 715 595 753 ll.“
624 736 676 742 —
691 713 875 753 Aminiam
899 712 1053 753 fratrem
1067 712 1238 763 Aeschyli
1262 712 1376 753 fuisse
1402 712 1530 752 dicimt

155 779 339 819 Diodorus
366 780 405 815 et
417 777 593 816 Aelianus
616 777 711 826 (var.
727 776 813 817 hist.
827 776 872 825 V,
905 777 969 826 19)
991 780 1030 816 et
1050 777 1210 826 scriptor
1231 776 1329 815 vitae
1345 775 1527 826 Aeschyli.

156 843 256 890 Quos
293 840 455 881 fabulam
494 839 661 890 proferre
699 842 808 890 putat
848 839 1095 894 Hermannus.
1162 839 1260 880 Sane
1298 840 1433 879 mirum
1471 842 1530 879 est

155 917 229 945 non
255 903 375 944 eidem
402 903 510 943 demo
537 902 674 943 fratros
700 902 814 943 fuisse
839 904 1031 953 ascriptos.
1085 903 1179 942 Erat
1204 903 1302 943 enim
1322 902 1527 952 Aeschylus

154 966 361 1007 Eleusinius
375 965 437 1015 ⁹¹),
465 967 631 1007 Aminias
656 967 858 1007 secundum
876 966 1109 1007 Herodotum
1133 966 1373 1014 Pellenensis,
1398 976 1529 1005 secun·

155 1032 242 1071 dum
267 1029 507 1070 Plutarchum
534 1030 758 1071 Decelensis.
813 1030 1015 1080 Equidm,
1054 1032 1179 1070 utrum
1218 1029 1442 1069 credendum
1480 1029 1529 1069 sit

154 1093 328 1142 Diodoro,
356 1093 498 1142 ceteris,
525 1104 652 1143 necne,
679 1093 825 1143 deinde,
851 1096 978 1134 utrum
991 1093 1216 1142 Herodotus,
1243 1103 1292 1132 an
1308 1092 1529 1132 Plutarchus

152 1160 294 1197 rectum
332 1156 499 1207 proferat
538 1157 706 1206 demum,
749 1157 950 1198 diiudicare
976 1169 1052 1197 non
1077 1157 1208 1197 habeo.
1224 1155 1275 1206 ⁹²)
1327 1155 1457 1205 Certe,
1497 1156 1529 1196 si

153 1220 325 1271 Aeschyli
360 1220 477 1260 frater
503 1224 584 1266 erat
610 1221 788 1269 Aminias,
814 1224 927 1271 poeta
954 1222 1134 1271 ingenuus
1162 1233 1206 1260 eo
1233 1221 1355 1260 minus
1381 1221 1530 1270 poterat

153 1295 287 1324 nomen
314 1285 394 1324 eius
420 1284 618 1325 celebrare.
645 1307 697 1313 —
721 1284 872 1325 Persica
896 1285 1012 1334 navis,
1040 1296 1136 1335 quae
1161 1285 1321 1335 primum
1348 1284 1528 1334 impetum

154 1347 250 1396 tulit,
287 1348 319 1387 si
345 1348 512 1398 sequaris
537 1348 693 1388 Diodori
719 1349 980 1388 auctoritatem
1006 1348 1090 1399 (XI,
1123 1351 1169 1388 18
1196 1351 1234 1395 et
1261 1348 1341 1398 27),
1369 1348 1528 1397 impera-

153 1411 249 1449 toria
285 1414 366 1449 erat
401 1411 552 1461 eiusque
586 1411 624 1450 in
661 1411 771 1451 exitio
804 1415 842 1451 et
866 1412 948 1462 ipse
972 1412 1218 1461 interemptus
1245 1414 1303 1451 ost
1326 1411 1529 1461 imperator

152 1473 305 1513 navalis.
360 1473 467 1520 Quod
493 1474 524 1513 si
549 1485 678 1513 verum
706 1475 910 1525 essen-sine
937 1475 1047 1514 dubio
1074 1476 1404 1514 commemoratum
1430 1476 1529 1513 esset

151 1537 199 1576 ab
224 1535 407 1586 Aeschylo
446 1539 484 1576 et
519 1536 722 1577 Herodoto.
775 1537 883 1586 Sane,
912 1541 954 1577 ut
991 1536 1106 1577 refert
1130 1536 1351 1577 Plutarchus
1378 1536 1525 1587 (Them.

155 1599 240 1650 14),
273 1600 440 1639 Aminias
465 1601 564 1649 (cum
591 1600 746 1651 Sosicle)
774 1601 981 1640 Ariamenis
1007 1623 1049 1630 —
1086 1600 1208 1640 dicere
1235 1600 1393 1640 debebat
1419 1599 1526 1639 Aria·

150 1663 270 1713 bignis
282 1660 331 1712 ⁹³)
357 1685 410 1691 -—
436 1674 567 1704 navem
595 1664 693 1714 cepit
717 1664 913 1715 ipsumque
939 1663 1083 1705 occidit.
1138 1664 1190 1703 At
1223 1664 1256 1704 is
1282 1675 1358 1703 non
1383 1663 1525 1714 primus

150 1726 219 1766 fuit
255 1727 434 1777 impetus,
483 1733 526 1767 ut
567 1729 741 1778 opinatur
779 1728 985 1777 Diodorus,
1025 1739 1145 1778 neque
1185 1728 1334 1768 omnino
1373 1728 1524 1768 ineunte

256 1875 302 1925 ⁹⁰)
329 1879 381 1916 cf.
407 1880 610 1916 Sintenisius
635 1879 692 1916 ad.
718 1879 754 1916 h.
781 1879 804 1916 l.

255 1927 301 1977 ⁹¹)
327 1932 399 1968 Vit.
426 1931 554 1969 Aesch.
582 1937 617 1968 et
641 1932 750 1969 schol.
777 1931 821 1968 ad
850 1932 1026 1979 Aristoph.
1053 1943 1155 1969 ranas
1181 1931 1230 1980 (v.
1259 1931 1364 1980 913).

254 1980 300 2032 ⁹²)
328 1984 468 2022 Grotius
493 1984 575 2034 (111,
610 1983 701 2035 105)
737 1989 771 2022 et
797 1983 1002 2023 Dunckerus
1035 1985 1113 2035 (IV.
1142 1984 1230 2033 797)
1266 1989 1522 2033 praetereuntes

150 2036 386 2074 difficultatem
412 2039 621 2083 Diodorum,
656 2044 789 2075 ceteros
815 2044 1016 2085 sequuntur.
1069 2040 1123 2075 Ac
1151 2040 1355 2075 Dunckerus
1382 2039 1520 2075 demum

148 2089 273 2134 probat
307 2090 562 2137 Herodoteum3
612 2095 731 2127 contra
756 2091 947 2129 Sintenisio
988 2093 1098 2137 magis
1135 2092 1250 2138 placet
1284 2089 1521 2135 Plutarcheus,

149 2142 242 2187 quod
268 2144 422 2181 eiusdem
450 2145 570 2189 tribus,
596 2144 888 2191 Hippothontidis,
914 2144 1015 2181 fuerit
1041 2144 1162 2181 demus
1189 2144 1388 2182 Decelensis
1414 2150 1519 2191 atque

148 2194 351 2242 Eleusinius‚
391 2197 601 2234 Pallenensis
639 2208 722 2234 vero
763 2197 990 2242 Antiochidis,
1027 2209 1070 2234 ac
1108 2198 1287 2243 probabile
1325 2200 1370 2234 sit
1407 2198 1519 2234 sidem

150 2248 251 2284 tribui
267 2246 496 2297 (perlapsum
517 2252 685 2298 scripsit„
691 2250 814 2288 dem0“
819 2250 831 2299 )
854 2254 1038 2297 utrumque
1050 2251 1186 2288 fratrem
1199 2251 1305 2288 fuisse
1317 2252 1517 2298 ascriptum.

253 2298 298 2348 ⁹³)
327 2303 528 2341 Ariamenes
567 2304 811 2349 Plutarcheus,
858 2309 896 2340 ut
945 2304 1032 2341 bene
1075 2305 1273 2341 observavit
1314 2304 1517 2341 Dunckerus

147 2333 223 2400 (IV,
252 2356 324 2391 799
352 2368 387 2394 n.
417 2357 465 2404 2),
491 2357 653 2394 confusus
680 2362 732 2395 est
759 2369 801 2394 ex
816 2357 1003 2404 Ariabigne
1027 2362 1062 2393 et
1075 2358 1296 2394 Achaemene
1323 2357 1421 2405 (Her.
1437 2358 1517 2402 VII,

149 2405 222 2453 97).
275 2409 480 2457 Ariabignes
506 2413 540 2446 in
567 2421 683 2457 pugna
703 2410 893 2448 Salaminia
919 2411 1042 2449 cecidit
1067 2409 1130 2459 (id.
1145 2411 1244 2456 VIII,
1271 2410 1348 2459 89),
1375 2410 1516 2447 Achae-

147 2469 264 2495 menes
299 2472 318 2498 e
353 2462 444 2500 ballo
477 2465 588 2499 evasit
622 2465 674 2508 [et
708 2464 852 2501 testibus
878 2463 1075 2500 Herodoto·
1090 2464 1172 2512 (ΙΙΙ,
1211 2467 1276 2510 12;
1303 2463 1385 2511 VII,
1416 2462 1455 2512 7)
1483 2469 1517 2498 et

147 2510 300 2550 Diodoro
339 2514 420 2563 (XI,
448 2515 510 2564 ’14)
548 2521 672 2563 postea
709 2518 744 2553 in
780 2517 942 2564 Aegypto
981 2517 1027 2553 ab
1066 2517 1168 2553 Inaro
1208 2517 1405 2554 interfectus
1445 2521 1514 2561 est3

147 2568 265 2601 contra
284 2565 417 2604 Ctesias
441 2570 477 2605 id
503 2569 547 2606 de
570 2569 835 2617 Achaemenide,
859 2569 987 2607 Xerxis
1011 2569 1092 2616 6110,
1117 2560 1233 2607 narrat
1258 2569 1368 2618 (Pers.
1396 2568 1487 2617 32)].
