1844 2859
935 54 987 95 54

263 186 360 228 quae
386 183 470 218 cum
497 179 611 218 choro
638 165 898 227 communicat,
925 179 1070 227 haunt,
1101 190 1150 219 ne
1175 180 1310 229 Xerxis
1337 181 1487 230 quidem
1512 188 1648 223 nomen

262 244 363 291 erat,
405 241 545 282 nedum
580 239 765 282 Mardonii
805 242 856 293 (v.
884 243 1124 292 θοι-808).
1177 242 1295 283 Poeta
1332 242 1527 294 religiosus
1565 253 1649 286 eum

262 305 475 345 universam
512 301 746 354 tragoediam
785 305 839 344 ita
878 305 1087 355 descripsit,
1128 309 1173 345 ut
1209 305 1348 346 Persae
1386 313 1462 347 non
1498 311 1576 348 tam
1610 309 1649 348 in

261 367 451 416 homines,
479 375 591 418 quam
626 367 666 407 in
693 368 783 408 deos
809 376 998 419 peccasse,
1023 377 1099 409 non
1130 370 1208 408 tani
1234 380 1303 420 per
1330 369 1510 419 homines,
1537 379 1649 421 quam

262 439 333 481 per
358 431 449 471 deos
474 431 651 481 castigari
675 431 886 480 videantur,
912 434 993 471 tum
1022 432 1060 472 in
1087 432 1265 473 vaticinio
1277 431 1452 483 fingendo
1471 434 1651 483 sacrilega

263 494 470 534 Persarum-
508 493 676 533 facinora
723 501 874 534 catrsam
925 495 1121 545 proposuit
1166 496 1398 535 calamitatis.
1465 496 1652 544 Quattuor

262 557 431 598 versibus
459 556 615 597 Darium
639 556 730 597 iacit
754 557 1016 606 illustrantem,
1044 555 1230 608 quomodo
1256 560 1405 600 barbari
1430 560 1469 599 in
1496 560 1652 599 delubra

264 617 465 661 saevierint
504 620 556 670 (v.
595 623 668 660 811
684 622 835 669 -814).
889 621 969 661 Nec
1007 632 1099 661 sane
1134 623 1330 661 verltatem
1370 633 1543 672 egressus
1582 628 1650 672 est,

263 684 446 733 siquidem
486 694 576 723 vera
613 687 721 732 sunt,
765 694 864 733 quae
904 684 955 723 de
991 684 1128 724 Xerxis
1174 688 1212 724 et
1247 685 1437 725 Herdonii
1462 686 1653 736 impietate

263 746 465 786 memoriae
491 743 738 796 prodiderunt
764 750 911 786 veteres
938 754 1065 786 rerum
1098 748 1298 797 script-ores
1316 747 1393 798 ¹⁴⁸).
1446 748 1653 798 Impietatis

264 812 391 849 autem
417 809 564 860 piacula
599 809 736 850 Darius
770 807 954 860 praedicit
991 809 1252 850 cruentissima
1283 822 1307 850 a
1332 810 1456 851 Persis
1482 815 1651 851 exactum

264 873 311 911 iri
336 872 385 911 ad
412 871 585 912 Plataeas
598 872 708 912 hasta
725 873 863 913 Dorica
889 874 941 923 (v.
970 877 1046 912 818
1075 874 1163 923 sq.).
1220 873 1471 913 Blomfieldins
1498 875 1653 914 miratus

265 936 466 977 Dorienses
522 936 624 987 apud
678 939 829 987 poetam
883 936 1148 977 Atheniensem
1205 935 1404 988 significari
1458 938 1654 988 primarios

266 1001 466 1040 Persarum
485 1001 741 1049 exstinctores,
769 1011 898 1040 versus
926 1004 1002 1040 818
1029 1012 1085 1051 sq.
1115 1002 1153 1040 in
1182 1002 1346 1041 secunda
1370 1002 1519 1040 demum
1545 1001 1654 1040 huius

265 1063 412 1103 fabullae
436 1064 791 1113 repraesentatione,
818 1074 914 1113 quae
938 1064 1133 1113 Syracusis
1158 1064 1340 1103 suadente
1368 1063 1532 1104 Hierone
1555 1063 1656 1102 facta

267 1129 325 1166 est
349 1127 507 1166 testibus
542 1126 793 1166 Eratosthene
829 1126 961 1177 (schol.
1000 1127 1050 1166 ad
1081 1127 1272 1176 Aristoph.
1299 1137 1380 1166 ran,
1407 1139 1440 1165 v.
1473 1129 1590 1176 1055)
1617 1130 1657 1165 et

267 1191 420 1228 auctore
446 1189 546 1228 vitae
560 1188 743 1238 Aeschyli,
770 1189 809 1227 in
836 1189 1158 1239 Syracusanorum
1182 1189 1342 1238 gratiam
1370 1188 1517 1228 additos
1541 1188 1655 1229 fuisse

180 1264 188 1281 ι
268 1252 435 1291 coniecit.
488 1248 662 1291 Forsitan
689 1252 821 1301 aliquis
847 1256 955 1302 putet
990 1252 1131 1291 firmari
1157 1251 1378 1292 Blomfieldii
1406 1253 1655 1291 coniecturam

270 1324 334 1364 eo,
376 1315 476 1365 quod
515 1314 762 1356 Athenienses
815 1318 902 1366 post
947 1319 1115 1366 pugnam
1154 1315 1410 1356 Plataeensem
1458 1315 1658 1355 noluerunt

269 1379 433 1431 palmam
468 1379 672 1420 concedere
706 1379 1010 1420 Lacedaemoniis
1050 1390 1186 1430 eaque,
1230 1390 1278 1419 ne
1314 1390 1374 1419 res
1413 1379 1659 1435 deduceretur

270 1437 319 1482 ad
346 1443 562 1492 discordias,
589 1443 870 1483 Plataeensibus
897 1447 955 1483 est
993 1444 1082 1483 data
1100 1443 1179 1494 ¹⁴⁴).
1233 1443 1308 1483 Sed
1339 1442 1491 1482 fallatur
1516 1442 1656 1492 ntique.

269 1506 419 1546 Etenim
446 1507 750 1556 Lacedaemonii,
787 1508 858 1547 etsi
892 1507 1070 1547 victoriae
1105 1507 1272 1557 praemio
1307 1516 1382 1546 non
1408 1508 1497 1546 sunt
1522 1506 1656 1554 ornati,

270 1572 397 1609 tamen
431 1570 511 1609 sine
546 1571 799 1609 controversia
840 1571 888 1609 ad
925 1571 1117 1609 victoriam
1155 1569 1422 1620 reportandam
1457 1567 1656 1619 plurimum

270 1629 527 1682 contulerunt,
569 1641 652 1673 cum
693 1633 848 1682 Persas,
893 1634 1007 1673 robur
1046 1633 1230 1673 exercitus
1269 1630 1435 1681 hostilis,
1463 1633 1501 1672 in
1530 1631 1657 1683 fugam

263 1697 507 1736 >coniecerunt
534 1697 628 1736 duce
653 1696 853 1736 Mardonio
880 1696 1088 1736 interfecto.
1143 1697 1251 1744 Quod
1278 1699 1429 1746 poetam
1455 1696 1657 1745 ingenuum

270 1763 384 1810 atque
411 1760 597 1799 excelsum
624 1771 743 1810 aeque
768 1761 915 1809 integre
943 1760 1137 1809 agnovisse
1170 1762 1283 1809 atque
1313 1757 1545 1799 Herodotum
1572 1758 1656 1808 (IX,

273 1819 340 1874 71)
365 1823 691 1873 persuasissimum
718 1823 808 1862 mihi
835 1826 903 1863 est.
957 1823 1037 1862 Nec
1063 1822 1230 1873 profecto
1256 1822 1417 1862 habebat
1441 1825 1565 1872 poeta,
1592 1831 1658 1861 cur

270 1887 459 1927 dubitaret
493 1886 639 1927 duobus
674 1887 841 1926 versibus
868 1891 1160 1926 commemorare
1193 1886 1376 1934 eximiam,
1405 1894 1516 1935 quam
1542 1885 1658 1924 Lace-

271 1950 456 1991 daemonii
495 1949 544 1989 ad
570 1948 743 1989 Plataeas
781 1950 942 1990 assecuti
979 1953 1087 1997 sunt,
1115 1949 1283 1998 laudem,
1325 1959 1408 1989 cum
1435 1948 1545 1989 Musa
1578 1949 1657 1988 eius

379 2107 441 2159 ¹4⁸)
468 2110 553 2147 Her.
581 2110 681 2155 VIII,
710 2111 757 2145 32
786 2120 851 2155 sq„
880 2110 948 2155 533
976 2109 1050 2154 IX,
1076 2110 1138 2155 13;
1173 2108 1267 2145 alibi.
1296 2108 1400 2145 Diod.
1415 2108 1483 2154 XI,
1515 2111 1558 2144 14
1586 2119 1656 2155 sq.;

272 2166 320 2202 28
364 2169 450 2202 extr.
478 2164 570 2201 Plut.
598 2163 721 2200 Them.
757 2165 786 2208 l,
813 2163 919 2200 Arist.
968 2163 1024 2199 10.
1089 2162 1141 2197 Ex
1182 2162 1259 2199 aliis
1299 2163 1522 2209 scriptoribus
1561 2162 1656 2199 locos

271 2216 926 2318 8ιὶςυῖᾏῗοὲἰῗζιεῑᾨῖιθῗῗᾶωωὴιιι
953 2266 1073 2314 (Arist,
1103 2265 1179 2314 20).
1235 2267 1298 2303 Cui
1324 2267 1428 2304 fidem
1455 2278 1523 2303 non
1551 2267 1657 2304 habet

272 2324 413 2360 Grotius
438 2322 518 2369 (ΙΙΙ,
550 2320 636 2369 147)
663 2322 709 2356 ob
738 2321 907 2357 Herodoti
940 2320 982 2355 de
1010 2330 1052 2355 ea
1079 2331 1114 2355 re
1141 2320 1326 2356 silentium.
1380 2320 1449 2356 Sed
1477 2320 1658 2356 confirmat

272 2376 448 2414 Plutarchi
466 2376 697 2411 narrationem
710 2374 807 2411 locus
822 2372 1067 2421 Thucydidem
1082 2373 1160 2421 (III,
1189 2373 1263 2419 56),
1289 2374 1347 2420 qni
1374 2372 1461 2420 fugit
1486 2373 1657 2417 Grotium,

269 2429 492 2466 aDnnekaro
505 2428 582 2475 (IV,
610 2427 683 2462 847
712 2439 746 2463 n.
763 2427 801 2472 2)
827 2427 985 2471 affertur3
1013 2427 1060 2461 lbi
1087 2428 1177 2461 enim
1194 2426 1415 2462 Plataeenses
1436 2436 1474 2461 se
1490 2425 1656 2471 profiten-

270 2488 325 2520 tur
363 2476 571 2531 τιμηθέντας
598 2476 636 2523 ἐς
662 2475 707 2517 τὰ
739 2481 877 2529 πρῶτα.
932 2478 1094 2523 Diodori,
1134 2480 1192 2526 qui
1232 2484 1347 2515 narrat
1374 2478 1655 2516 Lacedaemoniis

269 2537 421 2583 palmam
448 2545 525 2571 esse
551 2534 703 2571 delatam
729 2531 814 2582 (XI,
842 2531 916 2580 33),
942 2530 1130 2569 auctoritas
1155 2532 1251 2568 nulla
1277 2538 1342 2568 est.
