1844 2859
938 56 987 93 58

264 180 372 217 verat
394 177 578 227 Assyrios,
605 178 817 228 superiores
839 178 950 218 Asiae
972 178 1154 227 dominos,
1181 178 1248 218 sed
1274 177 1321 218 ab
1341 178 1386 218 iis
1413 180 1496 218 erat
1519 191 1649 229 super-

262 244 359 278 atus.
413 240 602 288 cyaxares
626 241 778 280 donnum
813 251 879 283 eos
913 241 1061 290 subegit
1085 241 1504 290 habuiqueansmplo
1523 241 1648 283 domi-

262 305 353 342 natu
380 314 495 343 unum
520 313 773 358 successorem
796 303 1646 360 ‘Astyagemquem'BQ-sossmspoliavit.

261 367 480 406 Rectissime
506 368 620 416 igitur
648 367 851 417 Aeschylus
887 369 980 407 duos
1008 371 1154 406 tantum
1181 368 1322 407 inducit
1348 367 1437 417 Cyri
1470 368 1508 406 in
1536 368 1648 406 Asiae

261 429 454 469 dominatu
494 430 732 470 decessores‘.
800 431 891 470 Asia
930 430 1104 470 dicuntur
1144 433 1272 469 terrae
1303 431 1408 470 inter
1446 429 1569 480 Halyn
1608 433 1648 468 et

260 492 394 532 Indum
431 493 539 532 sitae.
593 494 644 533 At
678 504 726 532 ne
762 504 825 533 eas
851 493 1003 543 quidem
1040 504 1168 533 omnes
1204 492 1422 534 obtinebant
1461 492 1646 543 cyaxares
1672 543 1676 547 .

260 559 299 594 et
336 558 539 605 Astyages,
575 556 751 605 quoniam
789 557 948 596 liberum
983 558 1177 595 etiamtum
1211 560 1294 595 erat
1328 567 1486 606 regnum
1521 556 1647 606 Baby*

259 619 442 667 lonicum,
481 619 582 669 quod
622 631 646 659 a
686 619 782 669 Cyro
824 620 974 659 demum
1014 620 1210 661 subactum
1249 623 1319 661 est.
1372 619 1493 659 Huius
1532 619 1647 670 igitur

261 683 446 721 rationem
472 686 584 732 poeta
610 683 875 731 praetermisit
928 684 980 722 At
1005 683 1104 722 idem
1134 683 1215 732 ipse
1240 682 1393 723 admisit
1417 681 1644 729 Herodotus,

260 755 344 784 cum
371 744 466 784 dixit
500 744 547 784 de
577 743 763 794 Cyaxare:
792 740 897 790 οὗτός
933 743 1024 784 ἐστιν
1061 743 1081 783 ὁ
1109 744 1172 794 τὴν
1195 741 1335 789 Αλυος
1369 747 1531 794 ποταμοῦ
1569 741 1644 784 ἄνω

254 802 376 857 Ἀσίην
404 812 517 847 πᾶσαν
556 808 735 858 συστήσας
761 808 889 862 ἑωυτῷ
914 808 978 858 (Ι,-
1005 809 1094 858 103)
1114 807 1193 857 ¹⁶¹).
1248 807 1421 848 Ceterum
1457 806 1566 848 facile
1589 807 1645 846 ita

259 881 393 920 parum
427 873 601 909 accurat-e
636 871 819 920 loquaris,
858 872 1033 920 quoniam
1070 872 1213 921 Assyrii
1239 871 1412 921 quidem,
1440 870 1504 921 qui
1529 870 1645 909 totius

260 934 372 973 Asiae
411 934 548 983 (terras
588 934 670 974 dico
709 935 808 974 inter
846 933 969 984 Halyn
1012 938 1050 973 et
1087 934 1221 973 Indum
1261 934 1370 982 sitas)
1413 934 1643 973 dominatum

258 1000 477 1044 tenuerant,
507 996 683 1046 Cyaxaris
720 997 849 1035 ditioni
888 1001 976 1036 sunt
1010 997 1177 1036 subiecti.
1241 997 1349 1044 Quod
1384 996 1490 1036 dicit>
1507 996 1644 1036 Darius

259 1060 507 1109 Aeschyleus‚
552 1059 656 1100 Medi
695 1058 811 1099 filium
851 1060 1051 1109 perfecisse
1091 1072 1169 1099 rem
1210 1071 1234 1100 a
1271 1063 1381 1110 patre
1419 1059 1642 1107 inchoatam,

258 1123 359 1161 haud
385 1123 438 1162 ita
474 1123 736 1162 convenienter
770 1134 894 1161 rerum
931 1124 1133 1163 memoriae
1168 1123 1258 1163 dicit
1282 1144 1335 1151 --
1369 1125 1517 1162 constat
1543 1123 1641 1163 enim

259 1188 462 1236 Astyagem
478 1186 561 1226 laxe
584 1187 690 1235 regni
711 1187 963 1236 gubernacula
986 1190 1168 1228 tractasse
1185 1186 1315 1236 152)--
1329 1190 1369 1225 at
1382 1187 1645 1227 convenienter

258 1261 326 1288 suo
340 1249 505 1288 consilio.
561 1249 722 1296 Etenim,
751 1261 837 1288 cumv
849 1250 887 1288 id
913 1253 1013 1298 agat,
1040 1253 1082 1287 ut
1096 1250 1259 1288 Xerxem
1286 1250 1397 1288 Asiae
1412 1249 1642 1289 dominatum

259 1312 401 1352 cunctis
436 1312 691 1353 decessoribus
724 1312 889 1353 deterius
923 1324 1053 1363 gerere
1089 1313 1306 1364 comprobet
1341 1313 1392 1363 (v.
1423 1315 1645 1362 vso-2765,

259 1389 295 1416 v.
326 1380 400 1415 786
427 1377 516 1424 sq.),
545 1376 646 1416 haud
673 1377 800 1425 inepte
813 1377 947 1416 horum
961 1389 1032 1424 res,
1061 1380 1242 1426 quantum
1255 1376 1336 1415 fieri
1360 1378 1498 1425 potest,
1523 1377 1646 1416 verbis

258 1442 369 1480 ornat
405 1438 608 1489 laudatque
657 1439 789 1480 leviter
831 1440 1032 1490 Astyagem
1081 1451 1122 1479 re
1163 1450 1251 1481 vera
1290 1450 1365 1479 non
1402 1438 1644 1480 laudandum.

257 1504 390 1552 ltaque
430 1506 544 1552 poeta
584 1514 820 1552 nequaquam
871 1504 1198 1552 reprehendendus
1238 1506 1306 1543 est.
1375 1502 1484 1549 Quod
1522 1513 1645 1552 neque

258 1565 462 1616 Cyaxarem
491 1577 612 1616 neque
641 1567 842 1615 Astyagem
870 1566 1087 1606 nominatim
1115 1565 1339 1614 aflortJ-non
1372 1568 1430 1605 est
1455 1564 1644 1605 vocandus

256 1630 295 1668 in
333 1630 581 1679 suspicionem
627 1630 862 1676 inscientiae,
913 1633 956 1668 ut
1003 1634 1104 1668 recte
1155 1630 1245 1668 dicit
1295 1628 1519 1676 Schoellius3
1567 1628 1642 1667 imo

256 1692 455 1732 Persarum
483 1692 562 1743 regi
589 1702 716 1732 coram
749 1692 874 1733 Persis
908 1692 1075 1742 loquenti
1111 1703 1185 1732 non
1221 1692 1317 1732 tanti
1351 1694 1441 1732 sunt
1465 1689 1644 1732 momenti

256 1757 360 1804 haec,
401 1769 514 1806 quam
555 1769 645 1796 suae
680 1758 796 1806 ipsius
833 1758 960 1806 stirpis
996 1757 1158 1796 nomina.
1215 1757 1271 1795 De
1311 1756 1478 1796 versibus
1514 1758 1641 1795 768-—

259 1824 279 1859 7
285 1820 350 1870 71)
370 1818 435 1870 ¹⁵³)
462 1820 561 1860 idem
599 1820 808 1860 audiendus
846 1823 904 1860 est
929 1819 1155 1860 Schoellius:
1184 1818 1333 1870 ‚Cyrum
1360 1818 1578 1870 Aeschylus,
1603 1817 1642 1858 id

257 1885 357 1934 quod
395 1885 572 1928 idoneum
619 1888 837 1933 rectumque
872 1888 947 1931 est,
986 1885 1024 1923 in
1059 1885 1150 1924 Asia
1184 1884 1327 1924 minore
1365 1883 1458 1923 fines
1496 1882 1643 1934 imperii

254 1958 484 1997 propagasse
531 1948 723 1997 praedicat
771 1947 973 1996 laudatque
1021 1947 1209 1997 ingenium
1250 1947 1348 1994 eius,
1391 1947 1439 1985 ob
1479 1940 1579 1995 quod
1618 1956 1642 1983 a

254 2012 423 2052 barbaris
438 2012 720 2052 celebrabatur‘.
776 2011 832 2051 De
859 2022 974 2061 regno
991 2010 1215 2061 Babylonico
1236 2008 1323 2061 Cyri
1337 2009 1450 2051 armis
1463 2020 1641 2060 oppresso

253 2075 390 2114 idcirco
437 2076 513 2113 iam
553 2075 752 2114 tacendum
800 2078 882 2113 erat
922 2074 1123 2123 Aeschylo,
1175 2074 1275 2123 quod
1314 2084 1429 2123 supra
1467 2073 1521 2112 ita
1560 2075 1642 2110 erat

253 2138 411 2188 locutus,
438 2138 546 2189 quasi
580 2138 619 2178 id
646 2137 804 2189 Cyaxari
840 2138 915 2178 iam
954 2141 992 2177 et
1027 2137 1183 2189 Astyagi
1209 2136 1407 2189 paruisset.
1459 2134 1640 2187 Lydicum

362 2319 423 2369 ¹5¹)
452 2323 504 2359 Cf.
535 2321 637 2358 Diod.
666 2321 712 2364 Il,
741 2323 787 2356 32
830 2315 1038 2382 (Ἡρόδοτός
1066 2323 1154 2367 φησι
1180 2313 1380 2367 Κυαξάρην)
1406 2320 1479 2360 τοῖς
1505 2315 1640 2366 Μήδοις

254 2371 411 2423 ἀρχηγὸν
446 2370 607 2421 γενέσθαι
639 2375 705 2420 τῆς
739 2375 809 2408 τῶν
849 2368 943 2409 ὅλων
983 2370 1176 2420 ἡγεμονίας.
1231 2370 1302 2419 (Cf.
1331 2372 1370 2408 O.
1401 2371 1565 2406 Miillerus
1604 2372 1639 2404 in

255 2428 679 2528 C‘effi‘1225‘2525ffi33323:
707 2428 756 2523 1⁴15
781 2426 869 2516 ἰδὲ.
1516 2453 1523 2465 „

362 2530 428 2583 ¹⁵⁸)
456 2533 546 2569 Vide
571 2536 690 2568 notam
717 2532 841 2569 XXV.
