1844 2859
1001 74 1051 113 28

416 236 516 307 Vll}
563 257 825 307 Tractentur
851 223 921 315 ¹ea,
954 269 1065 319 quae
1097 259 1160 308 do·
1176 257 1452 308 Atho-nume
1472 236 1615 308 saluto

675 331 954 391 ”Morantur
972 331 1046 392 (v.
1080 330 1362 391 342-344).

431 456 477 495 V.
499 460 593 496 *342
643 457 795 496 nuntius
836 457 999 496 Palladis
1047 458 1177 497 urbem
1225 469 1249 497 a
1288 457 1371 497 diis
1399 458 1573 508 sospitati
1621 458 1712 497 dicit

326 520 594 570 quaerentique
630 520 786 560 subinde
823 522 1001 569 Atossae,
1039 532 1128 561 num
1164 521 1397 561 Athenarum
1437 522 1526 562 urbs
1559 532 1635 561 non
1661 522 1711 561 sit

326 584 461 632 deleta,
490 595 632 632 comm,
661 585 724 633 qni
748 585 819 623 viri
847 585 933 633 sint,
957 585 1227 624 munimentum
1242 595 1323 625 esse
1336 584 1484 626 firmum
1496 585 1709 635 respondet.

325 647 382 685 De
431 648 563 697 quihus
612 648 734 687 nuntii
783 648 976 688 sententiis
1019 648 1154 687 iniuria
1193 648 1332 688 crimen
1373 648 1556 698 Aeschylo
1595 648 1713 688 movit

325 710 539 750 Siebelisius
574 711 628 760 (p.
658 712 746 760 63),
783 712 891 760 quasi
925 711 1093 750 Athenas
1127 711 1270 750 deletas
1297 722 1379 750 esse
1404 715 1517 760 poeta
1541 715 1708 760 negaret.

326 773 407 812 Imo
451 774 606 813 nuntius
649 774 921 813 Themistoclea
964 774 1109 813 ratione
1156 774 1285 812 urbem
1327 774 1501 822 intelligit
1541 774 1708 813 classem.

327 836 467 880 Notum
494 839 563 884 est,
592 837 692 886 quod
720 837 808 877 olim
836 837 1103 877 Themistocles
1123 837 1323 877 Adimanto
1345 837 1550 887 respondit,
1578 837 1709 876 urbem

324 911 399 938 non
433 900 473 938 in
508 900 702 939 moenibus
738 904 852 950 atque
887 899 1082 948 aedificiis,
1118 901 1184 939 sed
1220 901 1259 939 in
1294 900 1462 939 ducentis
1497 900 1709 939 triremibus

324 963 486 1012 positam
513 973 595 1002 esse
612 961 681 1012 76);
710 963 757 1002 ad
786 964 886 1013 quod
921 963 1022 1003 haud
1048 963 1159 1003 dubie
1193 966 1307 1014 poeta
1337 966 1494 1013 spectat.
1548 963 1710 1013 Egregie
1761 952 1767 958 ’

324 1027 371 1065 ab
409 1026 625 1066 Hermanno
662 1028 710 1066 ad
747 1027 846 1066 hunc
879 1028 1002 1067 locum
1029 1028 1226 1067 observata
1264 1027 1398 1066 afferre
1432 1027 1561 1066 liceat:
1592 1026 1708 1075 „Cum

325 1092 514 1129 constaret
549 1090 648 1129 inter
683 1102 812 1129 omnes
847 1094 975 1140 captas
1013 1101 1095 1129 esse
1131 1093 1370 1138 vastatosque
1405 1090 1573 1128 Athenas
1608 1090 1710 1128 brevi

325 1156 413 1191 ante
439 1163 605 1201 pugnam
632 1152 889 1200 Salaminiam,
927 1153 1059 1191 maluit
1093 1158 1206 1202 poeta
1237 1153 1469 1192 subindicare
1494 1152 1591 1191 hanc
1616 1163 1707 1200 rem,

325 1216 391 1254 sed
419 1226 503 1254 cum
529 1216 641 1254 laude
656 1216 950 1263 Atheniensium,
978 1227 1090 1265 quam
1116 1227 1191 1255 non
1212 1215 1432 1264 attingenda
1458 1215 1709 1254 dissimulasse

324 1279 467 1317 cladem
511 1279 642 1318 videri.
696 1279 740 1317 In
787 1290 861 1328 qua
896 1289 938 1317 re
978 1290 1152 1327 magnam
1191 1281 1312 1317 artem
1355 1281 1393 1317 et
1430 1278 1709 1327 sagacissimum

322 1341 488 1392 prodidit
521 1341 710 1381 iudicium.
765 1342 862 1382 Nam
897 1353 983 1381 cum
1019 1344 1193 1382 Atossam
1228 1341 1369 1381 faceret
1401 1342 1705 1390 interrogantem,

322 1409 365 1444 ut
392 1409 683 1445 consentaneum
711 1409 807 1453 erat,
837 1406 883 1445 de
909 1406 974 1445 illa
999 1407 1082 1455 ipsa
1108 1417 1161 1453 re,
1194 1417 1306 1454 quam
1333 1406 1484 1444 minime
1509 1405 1707 1443 iucundam

320 1468 452 1506 auditu
491 1479 573 1507 esse
613 1468 903 1508 Atheniensibus
938 1469 1098 1516 sciebat,
1144 1467 1226 1507 fieri
1258 1479 1334 1508 non
1359 1468 1501 1518 potuit,
1530 1468 1618 1517 quin
1645 1478 1707 1505 ex-

320 1532 551 1580 spectatione
588 1532 750 1581 quadam
790 1535 828 1570 et
871 1535 973 1570 metu
1018 1535 1339 1571 commoverentur
1377 1534 1618 1581 spectatores,
1659 1541 1707 1569 ne

320 1594 544 1633 referentem
561 1595 733 1634 audirent
747 1596 930 1642 nuntium,
959 1595 1058 1644 quod
1084 1594 1223 1634 factum
1243 1606 1325 1634 esse
1350 1595 1514 1643 graviter
1526 1593 1705 1632 ferebant.

323 1658 396 1697 Sed
424 1657 523 1696 hunc
549 1662 690 1697 metum
719 1662 796 1697 tam
824 1658 956 1697 callide
983 1661 1021 1696 et
1049 1658 1209 1707 cogitate
1237 1657 1400 1708 dispellit
1425 1660 1548 1707 poeta,
1576 1660 1618 1695 ut
1642 1656 1706 1695 illa

319 1722 439 1762 nuntii
470 1722 662 1772 responsio
690 1723 804 1761 etiam
830 1722 979 1761 laudem
1007 1725 1045 1761 et
1061 1722 1219 1771 gloriam
1236 1720 1368 1761 afferat
1381 1720 1703 1760 Atheniensibus.“

320 1785 413 1824 Cum
449 1785 571 1825 verbis
612 1782 748 1835 ἀνδρῶν
777 1782 843 1835 γὰρ
872 1784 981 1823 ὄντων
1009 1785 1176 1825 conferre
1201 1786 1321 1833 iuvat,
1359 1785 1459 1834 quod
1492 1784 1594 1833 apud
1617 1784 1705 1823 Plu-

321 1849 492 1887 tarchum
520 1849 561 1898 (l.
590 1860 628 1887 n.
659 1852 705 1887 76
734 1849 777 1898 1.)
793 1848 1061 1887 Themistocles
1079 1848 1186 1887 dicit:
1215 1847 1314 1898 ἡμεῖς
1339 1861 1393 1886 τοι
1418 1845 1482 1891 τὰς
1507 1845 1568 1897 μὲν
1596 1844 1705 1890 οἰκίας

319 1910 379 1949 καὶ
405 1909 449 1949 τὰ
475 1911 574 1962 τείχη
603 1910 904 1961 καταλελοίπαμεν
931 1908 996 1949 οὐκ
1024 1909 1199 1955 ἀξιοῦντες
1218 1909 1365 1961 ἀψύχων
1393 1909 1494 1948 ἕνεκα
1520 1909 1703 1948 δουλεύειν.

522 2163 620 2214 Vlll.
688 2163 744 2213 lle
775 2174 923 2225 pugna
955 2161 1103 2212 navali
1137 2164 1196 2224 (v.
1232 2161 1516 2224 348—427).

424 2293 588 2331 Nuntius
624 2292 670 2330 ab
699 2293 835 2330 Atossa
874 2292 1144 2339 interrogatus,
1181 2293 1307 2329 utrum
1342 2301 1365 2328 a
1392 2290 1544 2330 Graecis
1576 2301 1704 2341 pugna

318 2356 461 2395 navalis
489 2359 622 2405 coepta
648 2355 708 2403 sit,
737 2366 784 2394 an
812 2366 835 2393 a
859 2354 994 2403 Xerxe,
1023 2354 1134 2394 deum
1161 2354 1342 2394 vindicem
1368 2354 1483 2394 totius
1509 2353 1597 2393 mali
1622 2364 1703 2394 esse

428 2547 477 2600 ⁷⁶)
504 2549 588 2587 Her.
618 2549 717 2594 V111,
747 2550 815 2593 613
845 2548 935 2584 Plut.
965 2548 1088 2585 Them.
1124 2550 1180 2585 ll.
